1192 1583
294 115 517 138 STATU'rA
544 115 770 146 ANTIQUOA.

211 199 245 227 83.
264 199 298 220 De
310 197 412 219 ordinariis
424 198 514 219 dol-‘torum
527 197 622 219 ordinarie
634 198 730 227 legentium
744 203 762 220 et
775 199 850 220 collem,

427 229 631 260 bedellorumsblvmjis.

154 284 254 339 ITEM
268 284 374 306 statuimus
384 288 405 305 et
418 284 535 306 ordinamus
544 284 600 312 quod
614 284 699 313 quilibet
713 284 806 307 scholaris
819 286 906 315 exceptis

193 315 323 344 gremialibus
335 320 378 337 tam
391 315 466 343 injure
480 315 579 337 canonico
588 322 651 343 quam
663 316 716 337 civili
729 315 751 337 in
765 316 805 337 suis
819 317 907 339 admiffi-

154 347 229 368 onibus
238 346 277 367 sint
287 346 364 375 speciali
374 346 489 374 iuramento
502 346 577 368 astriffl
586 346 612 367 ad
626 346 788 369 continuandum
803 353 823 369 et
836 348 908 370 defen-

154 378 244 399 dendum
253 377 304 398 illud
318 377 397 405 regium
410 377 538 406 privilegium
552 378 576 398 de
588 377 693 398 ordinariis
707 378 824 399 doctoribus
838 379 907 407 legen-

155 409 210 430 tibus
220 413 240 429 et
250 408 338 429 collectis
348 408 428 430 bedellis
438 408 542 430 solvendis.
563 409 591 429 Et
600 407 648 436 qula
662 408 701 429 hoc
715 408 814 430 statutum
823 410 848 430 ad
858 417 909 438 pro-

154 439 231 461 fefimm
247 444 267 460 et
282 439 381 460 honorem
394 439 526 460 universitatis
542 439 636 460 volumus
651 438 793 461 inviolabiliter
807 440 907 462 observari

154 470 280 492 decernimus
297 470 319 491 id
332 470 354 491 in
369 470 451 498 nugulis
466 470 642 491 baccalaureomm
658 474 700 491 tam
714 470 736 491 in
750 470 794 497 jure
807 472 909 493 canonico

154 508 217 530 quam
227 501 280 522 civili
290 501 440 526 admiffionibus
450 501 475 522 ab
486 501 549 522 altero
557 506 712 536 procuratorum
727 501 759 522 vel
768 508 839 523 eorum
853 502 908 524 vices

155 532 269 560 gerentium
283 532 305 553 in
321 533 382 561 plena
398 531 554 560 congregatione
569 532 682 559 regentium
696 532 717 553 in
728 537 851 578 perpetuum
859 540 909 555 voce

155 568 213 585 tenus
223 562 328 592 publicari

371 628 404 656 84.
422 629 455 650 De
460 628 545 657 potestate
550 633 697 657 procuratorum.

205 684 448 705 ROCURATORES
464 683 580 712 potestatem
590 684 678 705 habeant
686 687 757 706 eorum
772 684 865 706 omnium
876 692 907 706 re-

213 714 306 743 gentium
320 714 413 742 suffragia
427 714 557 743 suspendendi
570 714 607 742 qui
621 714 675 741 juffis
690 722 761 736 eorum
775 722 818 736 non
833 723 906 743 parue-

156 745 197 767 rint
206 746 228 767 in
238 746 277 767 illis
287 746 346 767 rebus
353 752 400 774 quae
409 746 434 766 ad
443 744 574 774 exequiarum
582 745 649 767 officia
658 752 681 767 ac
691 746 793 767 miffar-um
807 753 907 775 quarum-

155 776 204 798 libet
212 777 325 806 peragenda
334 776 459 805 spestabunt.

164 842 198 870 85.
216 842 250 864 De
258 842 306 864 modo
315 847 333 863 et
341 842 386 863 hora
393 841 462 870 legendi
470 841 647 864 baccalaureorum'
637 849 658 863 m
661 841 708 869 jure
717 842 800 863 canonico
809 846 827 863 et
834 843 896 864 civili.

196 898 365 925 TATUTUM
376 897 500 918 declaratum
515 901 535 918 et
545 896 661 918 ordinatum
674 897 702 918 est
715 896 775 919 tertio
789 897 821 918 die
834 897 909 918 meniis

205 928 251 956 julii
262 935 318 949 anno
331 928 418 950 Domini
436 935 487 956 1505
503 935 538 956 per
552 927 659 955 maiorem
663 932 741 956 partem
757 927 870 955 regentium
886 933 907 949 et

154 965 208 980 non-
198 959 321 987 -regentium
331 959 358 980 in
363 966 434 980 eorum
444 959 504 987 plena
514 959 668 987 congregatione
682 959 737 987 quod
752 958 889 981 baccalaurei·’
884 966 909 980 ιιι

154 990 197 1017 jure
206 990 304 1012 canonico
312 995 332 1011 et
341 990 395 1011 civili
404 997 446 1011 non
457 989 579 1018 praesumant
587 989 650 1017 legere
661 994 707 1010 ante
717 989 850 1018 pulsationem
860 989 906 1010 soli-

154 1025 201 1042 tam
206 1028 309 1049 campanae
318 1021 362 1049 post
371 1020 474 1042 meridiem
485 1028 521 1041 nec
531 1020 588 1041 illam
598 1020 696 1042 lecturam
704 1021 827 1042 continuent
837 1021 905 1048 legen-
908 1019 911 1020 ⁷

153 1052 180 1073 do
190 1052 245 1074 ultra
253 1059 317 1074 unam
325 1052 412 1073 horam
407 1059 429 1073 m
440 1059 481 1073 una
488 1052 520 1073 die
529 1051 612 1080 legibili.

359 1116 392 1137 86:
408 1117 444 1137 De
452 1116 599 1145 incipientibus
589 1124 610 1137 m
619 1116 697 1138 artibus.

182 1173 254 1193 TEM
268 1172 375 1193 statuimus
390 1172 445 1200 quod
465 1171 534 1192 nullus
552 1171 671 1192 admittatur
690 1172 715 1192 ad
729 1171 867 1200 incipiendum
881 1171 903 1193 in

193 1203 277 1224 artibus'
288 1203 325 1224 nisi
342 1203 399 1232 prius
415 1202 576 1224 determinaverit
590 1207 610 1223 et
626 1203 680 1223 ultra
695 1202 733 1223 hoc
747 1203 772 1223 ad
786 1202 855 1223 minus
868 1203 904 1231 pei·

152 1231 265 1255 triennium
274 1234 307 1255 hic
316 1234 348 1255 vel
358 1233 406 1256 alibi
420 1233 442 1254 ln
451 1233 591 1255 universitate
586 1241 608 1254 in
623 1234 691 1254 eadem
702 1233 797 1254 facultate
807 1233 904 1265 continue

153 1263 251 1287 stu'duent
261 1265 316 1296 qnod
325 1265 386 1286 etiam
395 1269 431 1293 per
445 1264 556 1285 triennium
565 1264 587 1285 in
598 1264 668 1285 scholis
677 1264 739 1284 libros
753 1262 885 1285 Aristotelis
880 1263 903 1286 m

152 1295 279 1324 philosophia
288 1298 339 1324 quo&
354 1303 377 1317 eo
391 1301 481 1324 tempore
492 1302 503 1316 a
510 1294 613 1323 magistro
621 1294 657 1315 suo
669 1294 768 1316 ordinarie
783 1295 822 1323 legi
836 1295 902 1317 conti-
908 1300 911 1302 ’

153 1327 204 1355 gerit
214 1327 299 1348 audierit
308 1334 387 1349 necnon
398 1333 434 1355 per
447 1326 559 1348 triennium
573 1325 741 1347 mathematicalia
756 1333 802 1355 quae
816 1331 866 1379 t1}nc
881 1326 904 1347 in

841 1356 905 1378 chelis

960 125 988 147 45
