1192 1583
332 127 367 154 27·
378 107 518 154 -JUNiI
540 122 603 148 AN.
628 125 692 154 ῑςόα.

136 175 171 196 suo
180 174 287 202 recipiunt.
311 175 342 195 Ac
350 177 455 202 propterea
464 177 555 194 vetamus
565 177 585 194 et
594 173 700 195 statuendo
709 173 795 195 strifflus
805 174 884 196 inhibe-

135 212 181 227 mus
191 212 218 227 ne
227 211 296 226 eorum
307 204 406 233 quispiam
416 204 453 232 qui
462 204 484 225 in
493 204 568 232 oppido
577 204 669 225 tabernas
679 209 716 226 aut
725 211 827 233 cauponas
836 212 885 233 ape-

134 236 191 257 riunt
200 236 232 257 vel
242 235 316 256 cibaria
326 235 417 256 vendunt
425 235 512 262 aliquem
519 234 627 263 privilegiis
635 235 753 256 scholarium
763 236 885 263 gaudentem

135 267 160 288 ad
173 266 262 287 mensam
276 265 446 288 commessationes
461 265 527 286 lusum
540 272 618 286 moram
632 265 695 287 noctu
709 271 745 287 aut
759 266 866 287 interdiu
861 274 883 288 in

134 297 179 318 suas
194 297 279 325 popinas
292 297 384 317 tabernas
398 296 503 317 diversoria
513 296 610 324 recipiant
624 297 654 317 vel
665 297 718 325 apud
731 297 749 317 se
759 297 820 318 latere
830 297 884 325 pati-

135 332 203 349 antur.
228 327 330 348 Mulaam
344 326 381 355 qui
391 326 413 349 in
422 326 474 347 hanc
489 326 637 350 ordinationem
652 327 786 348 commiserint
795 328 883 355 quadra-

134 358 190 387 ginta
200 358 307 379 solidorum
318 357 339 379 in
350 357 396 378 usus
410 357 542 378 universitatis
556 357 723 385 applicandorum
732 365 770 386 pro
783 358 849 386 prima
863 363 884 380 et

134 389 219 410 secunda
228 388 270 410 vice
279 388 410 409 sustinebunt.
431 387 503 409 Tertio
511 392 579 409 autem
586 388 612 410 sic
622 392 645 409 ut
654 388 760 416 praefertur
769 389 883 417 iecipiendo

135 420 232 441 scholam
245 419 383 447 delinquentes
397 419 452 439 ultra
468 418 584 446 praedistam
598 419 729 447 pecuniarum
743 419 842 440 muletam
856 427 883 441 ne

135 450 220 479 popinas
238 450 330 471 tabernas
348 449 434 477 hospitia
449 454 486 470 aut
497 449 604 470 diversoria
616 449 707 478 aperiant
720 457 769 471 neve
782 449 883 471 esculenta

135 486 170 502 aut
180 481 289 509 poculenta
296 480 427 508 imposterum
437 480 525 501 vendant
537 479 623 501 omnino
637 480 773 501 interdicatur.
802 481 883 502 Proviso

135 511 210 540 semper
224 512 280 539 quod
294 512 361 539 legum
375 510 480 532 medicinae
493 515 514 531 et
523 510 603 532 muficoe
617 511 738 532 baccalaurei
749 511 824 532 artium
837 518 882 533 ma·
908 526 910 528 ·

135 542 190 570 gistri
198 547 218 563 et
232 541 341 570 superiores
354 542 428 569 gradus
438 541 511 569 pupilli
521 541 583 562 etiam
597 545 673 562 tutores
688 541 807 563 comitantes
816 541 848 563 vel
857 543 882 563 ad

134 577 225 601 parentes
235 577 255 594 et
268 573 343 594 amicos
357 572 379 593 in
393 572 492 600 oppidum
502 576 600 600 tanquam
614 572 699 600 hospites
710 573 882 594 adventantesac-

135 603 197 625 cerfiti
206 603 334 624 solummodo
347 604 372 624 ad
382 602 490 631 prandium
502 607 538 623 aut
546 609 625 624 cmnam
635 602 719 631 impune
728 603 789 632 recipi
794 603 882 631 possunt.

135 634 215 655 Proviso
226 634 307 662 insuper
318 634 374 662 quod
387 633 524 661 cujuscunque
538 633 614 654 ordinis
625 633 721 655 scholares
731 639 788 655 extra
801 638 882 663 tempus

135 665 215 693 prandii
228 669 248 686 et
262 671 322 686 ωηατ
332 671 356 685 ex
367 663 448 692 *speciali
461 664 542 685 licentia
556 664 698 692 praefestorum
713 664 844 692 collegiorum
860 665 882 686 in

135 696 209 724 quibus
218 696 296 723 degunt
310 695 341 716 vel
350 695 364 716 fi
378 694 519 722 aegrotaverint
527 694 617 716 {imiliter
630 694 714 723 impune
724 695 807 716 honesta
816 695 882 716 diver-

135 726 185 747 soria
193 726 283 747 intrandi
294 725 363 753 ibique
372 725 511 746 commorandi
524 725 641 746 facultatem
650 725 744 746 habeant.
768 725 882 747 statuimus

134 757 214 785 insuper
224 764 249 778 ne
258 756 357 785 quispiam
367 761 466 780 κατηλικην
475 756 498 777 in
507 756 566 777 rebus
576 755 685 777 mobilibus
697 756 817 777 scholarium
827 763 883 778 exer-

135 792 177 809 emt
186 788 207 809 id
216 788 245 809 est
259 794 285 809 ne
299 791 354 808 emat
366 787 425 808 vilius
439 794 485 815 quae
493 786 558 808 carius
571 787 644 808 vendat
657 786 694 808 nifi
703 794 728 808 ex
738 787 820 808 lieentia
829 787 882 809 vice-

134 818 247 840 cancellarii
269 818 362 839 admissus
382 819 453 846 (quam
471 817 596 846 pauciffimos
615 822 683 839 autem
701 818 883 839 vice-cancellarius

135 849 237 875 admittat)
247 853 267 870 et
278 849 392 870 interventu
400 848 536 881 fidejussorum
545 848 645 876 obligatus
655 849 691 870 sub
701 856 761 877 poena
770 849 852 870 carceris
861 853 882 870 et

135 881 201 901 decem
214 879 328 901 librarum'
323 887 345 900 m
358 879 404 900 usus
414 878 526 900 academiae
533 879 718 901 convertendarum.
748 880 807 907 an
820 879 882 901 etiam

135 910 160 932 sic
170 910 286 938 obligatus
281 917 303 931 in
317 910 410 931 cautione
419 909 555 937 fidejussorum
569 914 636 931 caveat
650 910 674 931 de
688 910 740 932 libro
749 910 787 931 five
801 910 883 938 registro

135 941 263 962 custodiendo
272 947 336 969 eoque
349 940 431 968 singulis
442 940 491 961 anni
499 940 577 968 quartis
586 940 636 961 vice·
639 940 756 962 cancellaiio
770 941 883 962 exhibendo

134 972 156 993 in
169 979 212 1000 quo
227 978 301 993 nomen
315 971 423 993 venditoris
438 972 469 992 vel
483 971 584 992 traditoris
598 971 676 999 collegii
692 971 715 992 in
730 978 773 999 quo
781 971 836 999 degit
850 978 881 992 res

134 1003 214 1024 vendita
222 1002 254 1023 vel
263 1002 352 1030 pignoris
366 1002 411 1023 loco
420 1001 493 1023 tradita
507 1001 594 1030 pretium
609 1001 718 1030 emptionis
732 1006 752 1023 et
761 1002 881 1023 venditionis

134 1032 300 1054 dies'contraetus
314 1033 449 1054 contineatur.
472 1033 535 1053 Porro
548 1032 623 1053 librum
638 1039 685 1054 eum
699 1032 724 1054 fic
739 1037 763 1054 ut
777 1033 883 1061 praefertur

134 1063 247 1084 exhibitum
259 1068 370 1085 convocato
384 1064 408 1084 ad
422 1063 441 1084 se
451 1063 514 1085 altero
530 1069 686 1091 procuratorum
700 1063 882 1085 vice-cancellarius

134 1094 264 1116 examinabit.
289 1115 293 1117 ,

366 1181 370 1183 .
394 1165 427 1186 De
436 1164 547 1192 collegiorum
549 1164 623 1191 januis.

402 1220 420 1239 C
448 1221 468 1240 A
496 1220 519 1240 P.
557 1220 614 1240 vm.
783 1249 785 1251 v

170 1275 265 1297 ANUAE
279 1279 299 1295 et
314 1278 376 1302 portae
386 1280 422 1302 per
432 1273 508 1301 singula
523 1273 605 1301 collegia
618 1277 638 1294 et
652 1274 707 1294 aulas
721 1280 763 1295 una
773 1273 882 1302 eademque

927 136 953 151 22
958 130 969 151 ι’

180 1307 231 1327 hora
244 1305 318 1333 vesperi
332 1305 448 1326 obserantur
462 1305 533 1332 hyeme
546 1304 585 1325 viz.
601 1304 651 1325 hora
665 1304 735 1326 octava
751 1304 818 1326 testate
833 1304 883 1326 hora
918 1307 924 1313 ¹

134 1344 194 1358 nona.
224 1337 302 1364 Hyeme
316 1336 355 1357 hoc
372 1336 418 1357 loco
432 1335 587 1364 interpretamur
604 1342 616 1356 a
631 1334 680 1357 festo
697 1335 760 1358 saneti
775 1335 881 1386 Michsselis

820 1373 835 1387 u
843 1372 883 1395 que
