1192 1583
291 137 764 165 STATUTAANTIQUA.
947 146 983 169 ¹33

205 217 403 238 ONCEDITUR
414 217 482 238 eodem
490 221 514 238 ut
521 217 540 238 d.
548 216 730 238 vice-cancellarius
740 216 831 237 doc'iores
839 218 902 239 Peme
914 224 933 239 ¹7
940 219 975 238 Ιώ-

217 244 280 276 P'ory‘e
290 252 310 268 et
320 248 389 276 Harvy
399 249 426 269 m'
436 249 535 269 Beamont
549 249 576 269 m'
585 247 663 276 collegii
674 247 746 269 sanstae
756 247 864 269 Trinitatis
874 249 901 270 ιη’
926 239 968 259 '⁵⁶²'

149 278 249 300 Hawford
268 278 373 299 academiae
392 283 460 300 orator
474 284 494 300 et
507 279 585 300 domini
599 283 738 307 procuratores
753 278 826 306 poffint
840 279 903 300 vestra

149 309 272 330 authon'tate
285 309 393 330 transferre
412 310 434 331 in
455 310 542 331 latinum
562 310 673 331 sermonem
687 309 782 338 praedic'ta
795 310 869 331 statuta
883 315 903 331 et

149 340 255 361 describere
266 340 286 361 in
297 340 371 361 librum
387 345 541 369 procuratorum
551 348 599 362 cum
609 340 691 368 reliquis
705 340 784 362 statutis
798 340 859 368 idque
869 341 902 362 in-

149 371 181 392 fra
190 376 272 399 ternpus
282 371 392 392 limitatum
403 371 425 392 in
439 372 514 393 statuto
524 376 587 400 utque
602 372 692 393 executio
703 371 805 392 dictorum
816 372 901 393 statuto-

149 409 195 423 rum
205 402 309 423 differatur
319 401 340 423 in
353 402 405 423 diem
416 402 531 430 proximum
543 407 589 424 ante
599 402 691 430 proxima
701 402 789 423 comitia.

655 443 688 458 m,
696 447 734 463 ἕω.
740 446 757 458 Δ.
765 443 792 459 soi.
798 433 823 463 ⁶}-

204 496 401 517 ONCEDITUR
417 496 438 516 v’
447 495 491 522 julii
502 500 525 516 ut
540 494 568 516 v1¹
580 496 629 516 xm·
640 494 669 516 w*
683 495 785 516 solvantur
795 495 901 517 annuatim
919 501 973 522 51011„
988 494 990 496 ’

210 534 234 548 ex
242 527 312 548 aerario
322 526 403 555 publico
414 526 483 547 Ιεᾶοτί
497 526 585 547 dominae
600 528 720 555 Margaretae
734 525 760 547 fic
774 530 798 547 ut
811 530 903 548 teneatur
923 520 966 541 ¹⁵⁶⁶·

149 557 207 578 semel
217 558 238 579 in
249 560 304 579 anno
313 557 420 586 praedicare
430 558 483 586 apud
494 558 588 579 But-well.

650 598 685 614 Lib.
692 602 730 619 gru.
738 601 755 613 Δ.
763 598 789 613 fol.
797 599 822 618 87.

203 652 402 672 ONCEDITUR
417 651 462 672 xiv·
470 650 512 678 jan.
522 655 545 671 ut
560 650 574 672 fi
584 650 629 678 quis
639 650 747 671 subscribat
756 657 831 671 nomen
841 650 899 672 suum
914 656 971 675 ιιι-ιι,

214 682 275 703 alicui
285 683 354 710 gratiae
363 682 384 703 in
394 688 435 709 qua
445 682 511 709 plures
526 681 608 702 termini
623 686 756 702 numerantur
770 688 832 709 quam
847 681 863 702 is
878 681 900 703 in
921 675 965 695 '⁵⁶⁶'

148 713 184 734 hac
195 713 296 734 academia
310 712 477 734 consummaverit
491 712 525 733 ille
538 712 574 740 qui
585 712 610 733 fic
623 719 699 737 nomen
713 712 845 740 subscripserit
859 712 901 740 pri-

147 749 205 765 vetur
214 744 249 765 sua
258 751 305 765 voce
315 751 350 772 per
359 750 436 764 annum
446 747 467 764 et
481 743 591 764 muletetur
605 744 630 764 ad
644 742 750 764 arbitrium
763 743 899 771 procancella·

147 774 183 796 rii:
194 779 215 796 et
224 775 267 797 haee
277 775 341 803 gratia
350 773 388 803 p'ro
398 774 474 796 statuto
484 774 588 796 habeatur.
645 801 647 805 ι

622 815 656 831 Lib.
663 818 701 836 grat.
708 818 725 831 Δ.
730 813 759 831 sol.
766 816 791 831 88.

624 846 658 862 Lib.
666 851 706 867 proc.
713 847 742 862 sen.
749 847 775 862 fol.
785 847 819 868 156.

201 900 250 921 UM
264 897 364 921 academia
377 899 490 920 concesserit
500 898 612 927 praelestori
625 898 717 920 leffionis
731 898 849 926 theologicae
858 899 896 919 do-
917 906 923 917 ι
931 902 963 922 1111.

212 931 273 952 minae
282 931 401 959 Margaretae
412 928 440 951 η’
454 931 503 951 xm·
513 928 543 951 1v‘
557 934 577 950 et
586 929 605 951 ei
619 929 675 951 oneri
686 930 767 951 ferendo
781 936 817 957 per
826 925 896 958 quoti'-
917 926 962 942 ¹⁵⁷⁰·

144 961 214 983 dianas
228 961 326 990 impensas
340 968 383 982 non
397 960 481 983 sufficiat
491 965 511 982 et
520 961 589 982 omnia
600 961 690 982 sacellani
704 960 836 981 universitatis
849 968 896 981 mu-

144 999 192 1014 nera
209 997 233 1013 ut
250 992 345 1021 papistica
361 999 396 1021 per
411 993 463 1020 leges
479 992 603 1020 abrogantur
621 992 686 1020 placet
699 991 755 1012 vobis
773 996 797 1012 ut
814 998 894 1013 annuus

144 1023 220 1045 reditus
229 1023 259 1045 illi
267 1023 315 1045 solvi
325 1023 432 1048 consuetus
442 1023 468 1044 ad
478 1023 583 1044 academiae
593 1022 652 1044 usum
661 1026 797 1044 convertatur.

634 1063 668 1080 Lib.
675 1067 712 1084 grat.
720 1067 737 1080 Δ.
745 1064 771 1080 fol.
781 1069 814 1084 ¹03·

473 1353 512 1369 κα
718 1347 887 1369 STATUTA
