1192 1583
278 128 499 152 s‘TATU‘rA
527 128 755 158 ANTIQUAJ

137 178 248 201 secundum
254 177 343 199 formam
352 177 402 199 diffi
409 177 480 199 statuti
489 177 595 199 communi
604 178 657 200 cistae
667 177 763 206 applicari
772 183 889 207 procurent:

138 210 204 239 Qod
209 209 225 231 fi
232 209 327 231 admissus
341 208 396 230 infra
408 213 489 237 tempus
498 208 534 230 fibi
548 209 660 230 limitatum
669 209 739 231 aetum
752 210 778 231 ad
787 216 849 238 quern
857 215 889 232 te-

137 242 225 264 nebatur
233 239 339 269 perfecerit
348 245 487 268 procuratores
497 240 613 262 cautionem
622 240 678 262 suam
687 240 833 270 qualiscunque
842 241 890 263 fue-
917 237 919 239 ¹

138 273 165 294 rit
171 272 237 293 eidem
246 271 353 293 restituant
361 270 450 292 indilate.
474 271 605 293 Authoritate
614 269 695 300 insuper
703 272 790 300 ejusdem
801 279 888 308 congre-

138 302 226 332 gationis‘
235 302 334 324 statutum
347 301 375 323 est
388 307 410 323 et
423 301 540 323 ordinatum
549 303 604 330 quod
618 302 633 324 fi
641 303 687 331 post
700 303 778 332 lapsum
792 303 842 325 anni
855 304 888 325 vel

138 333 235 362 temporis
244 332 327 354 limitati
335 339 395 361 prena
409 332 477 361 aliqua
486 333 511 354 fit
519 333 622 355 commissa
632 339 683 355 tunc
693 335 718 355 ad
728 341 773 355 eam
782 335 889 356 levandam

138 372 173 394 per
181 363 282 386 cautionis
289 363 406 391 hujusmodi
413 363 550 386 venditionem
559 364 627 385 taliter
634 365 755 393 procedatur
763 369 788 386 ut
794 365 893 389 admissus>

139 395 254 423 hujusmodi
266 394 397 423 personaliter
410 395 495 423 praesens
505 395 567 416 fuerit
580 400 605 416 ut
618 395 633 416 fi
647 395 669 417 in
683 396 810 418 universitate
823 397 891 418 valeat

139 426 225 449 'mveniri
233 425 314 454 publica
322 425 476 447 denuntiatione
485 432 520 454 per
530 426 605 447 scholas
614 426 747 448 universitatis
756 431 781 448 ut
789 427 851 449 moris
861 427 891 449 est

140 457 161 479 in
170 457 215 479 aliis
223 456 352 478 cautionibus
362 456 422 478 tertio
435 456 489 478 faeta
499 461 607 478 moneatur
615 461 639 478 ut
653 457 707 479 infra
721 458 809 479 mensem
822 464 835 479 a
848 458 891 480 fine

140 488 188 510 anni
194 488 241 517 post
249 487 387 510 admiffionem
401 487 457 508 suam
465 486 560 509 transacti
574 488 673 509 continuo
682 489 844 517 computandum
853 496 891 518 per

141 520 157 541 se
166 519 197 540 vel
207 525 242 547 per
250 518 314 540 alium
323 518 454 540 sufficientem
468 519 493 539 ad
507 518 545 540 hoc
554 519 671 547 potestatem
686 519 795 541 habentem
808 519 888 541 cautio-

140 557 186 572 nem
195 550 250 571 suam
261 549 347 571 redimat
360 556 409 570 cum
418 549 500 571 effectu:
514 550 570 577 quod
585 550 600 571 fi
611 557 654 571 non
669 550 738 572 fecerit
746 550 812 579 elapso
823 551 892 578 mense

141 580 255 609 hujusmodi
263 580 313 606 dieii
322 582 461 609 procuratores
471 580 585 602 cautionem
600 581 683 602 eandem
698 588 734 609 per
746 581 801 603 viros
810 581 893 610 aliquoa

140 612 274 633 indifferentes
284 612 308 632 de
322 618 370 633 vero
378 612 446 632 valore
459 611 545 639 eiusdem
555 611 681 633 verisimilem
695 612 789 640 peritiam
803 612 837 633 seu
850 612 892 638 dis-

140 643 249 664 cretionem
258 642 353 663 habentes
367 649 403 670 per
416 642 559 664 cancellarium
572 643 604 663 vel
617 642 812 668 vice-cancellarium
826 643 892 672 depu-

140 675 211 695 tandos
220 673 315 702 primitus
325 673 477 701 appretiandam
487 673 522 694 alii
535 674 567 694 vel
577 673 621 695 aliis
636 674 661 694 ab
670 674 743 695 eisdem
752 674 891 702 procuratori-

140 705 177 726 bus
187 710 208 726 et
218 703 338 732 deputandis
352 704 441 725 vendant
454 711 492 732 pro
506 704 572 732 pretio
580 709 659 732 quanto
668 704 745 732 majore
758 705 847 733 poterint
862 705 892 726 se-

140 736 231 757 cundum
249 734 379 756 conscientias
395 734 439 756 suas
453 737 492 763 'pro
508 735 616 764 commodo
632 735 752 763 exponentis
770 742 814 757 eam
832 740 853 757 et
867 736 892 757 de

140 766 226 795 pecunia
234 766 281 787 inde
290 771 369 794 recepta
378 772 465 794 pmnam
479 765 603 788 commiffam
617 766 726 788 secundum
740 766 828 787 formam
842 766 893 792 dicti

141 797 209 819 statuti
218 798 243 818 de
252 797 335 826 receptis
344 804 381 825 per
387 801 527 825 procuratores
541 797 647 819 communi
656 797 709 819 cistae
718 797 818 826 applicare
828 797 893 819 fideli-

141 834 169 850 ter
178 832 293 850 tenantur.
315 829 340 849 In
354 835 395 856 qua
409 827 469 849 etiam
483 828 569 856 pecunia
582 835 619 857 per
632 828 710 850 eosdem
725 833 804 857 recepta
820 828 835 850 si
850 835 896 856 qua

140 859 202 881 fuerit
210 859 321 880 excrescens
335 859 360 880 de
369 858 416 887 ipsa·
425 858 451 880 fic
465 858 545 881 vendita
559 858 653 880 cautione
667 859 772 887 separatim
786 859 808 881 in
822 859 893 888 aliquo

141 891 208 912 loculo
217 891 332 919 deponatur
341 897 383 911 una
393 897 441 911 cum
455 889 546 912 schedula
552 892 554 894 ’
560 889 677 912 continente
686 890 755 918 qualis
767 890 833 911 fuerat
842 897 892 911 cau-

141 922 170 943 tio
179 926 200 943 et
209 921 255 950 quis
268 928 313 942 eam
327 920 440 942 exhibuerit
453 924 530 949 et'quo
544 921 576 943 die
585 926 605 942 et
619 925 721 949 quant-um
735 921 824 949 pretium
837 921 892 942 inte-

142 959 200 980 grum
211 952 311 974 cautionis
325 956 345 972 et
354 951 419 980 qualis
434 951 457 972 iit
471 951 550 973 summa
563 952 674 973 excrescens
688 952 712 973 de
726 952 795 973 eedem
809 951 892 973 admisso

142 983 175 1011 huj
177 982 256 1004 usmodi
270 989 317 1004 curn
327 982 407 1011 peticiit
420 982 548 1004 restituenda.
571 983 592 1004 Si
605 989 653 1004 vero
667 982 761 1004 admiffus
775 982 891 1004 cautionem

142 991 197 1035 fualm
205 1014 259 1035 infra
268 1013 346 1034 dietum
357 1013 444 1034 mensem
454 1010 558 1035 redemerit
567 1020 650 1042 poenam
662 1013 785 1035 commissam
795 1021 892 1042 procura-

142 1042 219 1066 toribus
228 1042 347 1066 exiblvendo
360 1044 456 1072 pecunias
466 1044 510 1065 illas
524 1044 582 1072 juxta
591 1044 679 1066 formam
692 1044 742 1065 ‹uffi
756 1044 825 1066 statuti
835 1049 893 1066 com-

142 1076 200 1097 muni
209 1075 262 1097 cistae
271 1080 410 1104 procuratores
420 1075 521 1096 restituere
529 1082 571 1097 non
581 1075 684 1097 omittant.
707 1076 809 1097 Caeterum
818 1075 833 1096 fi
842 1082 893 1096 con-

142 1107 208 1135 tingat
225 1113 261 1135 per
278 1105 421 1134 negligentiam
440 1111 598 1134 procuratorum
617 1107 673 1134 quod
691 1105 759 1127 cautio
778 1107 804 1127 ab
822 1106 892 1134 aliquo

141 1137 224 1159 admifl‘o
233 1142 323 1165 tempore
333 1136 372 1158 suae
381 1136 503 1163 admistionis
513 1143 556 1158 non
566 1137 591 1158 fit
599 1137 668 1159 exacta
678 1137 709 1158 vel
719 1138 775 1165 quod
784 1136 852 1158 cautio
866 1137 893 1158 ab

141 1169 211 1189 eodem
222 1168 306 1196 reposita
315 1172 335 1189 et
345 1174 380 1196 per
388 1172 527 1196 procuratores
537 1172 616 1196 recepta
625 1175 667 1189 non
680 1168 704 1188 sit
713 1167 811 1189 sufficiens
825 1167 847 1188 iu
856 1174 893 1188 va-

141 1200 183 1220 lore
198 1199 222 1220 ad
237 1199 396 1227 respondendum
410 1205 474 1227 poenae
486 1205 523 1226 per
536 1204 625 1227 regentes
641 1198 723 1220 admiffo
736 1198 852 1225 hujusmodi
865 1197 893 1220 li-

142 1230 219 1251 mitatae
228 1235 367 1258 procuratores
377 1229 428 1258 ipfi
423 1237 444 1250 1n
453 1229 528 1251 ultimo
537 1230 573 1251 suo
587 1234 685 1258 computo
693 1236 731 1257 pro
740 1229 834 1250 cautione
842 1236 893 1258 neg-

142 1261 226 1289 ligenter
234 1261 260 1282 fic
273 1260 343 1282 omissa
351 1260 382 1281 vel
397 1260 465 1281 minus
481 1260 589 1282 sufficiente
603 1261 627 1281 de
640 1260 678 1281 suo
690 1260 774 1288 proprio
787 1259 894 1282 communi

141 1292 195 1313 cistae
209 1298 244 1320 per
258 1291 358 1313 auditores
372 1291 457 1319 ejusdem
472 1291 582 1312 satisfacere
596 1291 750 1319 compellantur.
773 1293 804 1312 Ac
824 1298 893 1312 coram

142 1322 214 1343 eisdem
223 1322 349 1343 auditoribua
359 1322 445 1350 ejusdem
455 1321 546 1350 computi
561 1327 650 1350 tempore
664 1324 803 1350 procuratores
812 1321 893 1350 antiqui

141 1353 307 1382 procuratoribus
317 1353 375 1376 novis
388 1353 497 1378 deliberent
511 1360 581 1375 omnes
592 1353 695 1375 cautiones
704 1355 757 1382 quas'
769 1353 793 1374 in
803 1355 853 1374 toto
858 1353 894 1375 suo

186 1396 189 1400 Δ
839 1390 896 1405 anno

942 140 975 168 ἰδ’.
