1192 1583
288 139 512 162 STATUTA
540 139 767 169 ANTlQuA.

147 187 261 212 otaedientia
271 188 382 217 praestanda
395 188 475 210 summo
488 188 607 210 cancellario
620 192 640 209 et
654 188 693 210 suis
707 187 807 216 affignatis
820 190 900 217 prsaepo‘ss

149 219 188 241 sitis
197 219 297 247 magistris
308 219 457 247 praesidentibus
466 224 486 240 et
500 226 571 243 eorum
581 219 725 247 principalibus
739 219 808 247 itaque
816 220 841 240 de
850 227 899 248 pace

148 255 167 271 et
176 251 252 271 honore
261 250 393 271 universitatis
403 249 540 271 conservandis
550 255 570 271 et
579 251 604 271 de
613 250 718 276 resistendo
728 250 844 271 adversariis
854 250 898 277 ejus

148 286 167 302 et
181 281 224 308 eius
237 281 317 308 injuriis
329 281 452 309 repellendis.
476 281 559 309 Insuper
572 280 697 307 decernimus
713 281 740 301 et*
750 281 856 307 statuimus
872 286 898 302 ut

147 312 216 333 nullus
233 312 265 333 hic
279 312 369 333 summus
382 311 511 333 cancellarius
529 312 571 333 ullo
589 319 644 332 anno
658 311 719 340 ipsius
734 311 795 332 officii
810 312 897 339 gaudeat

146 346 219 371 ptaete'r
229 342 281 371 ipsos
291 345 356 363 annos
370 342 405 363 fibi
416 349 452 370 per
465 345 554 370 regentes
569 347 651 365 tantum
660 342 804 364 conceffos‘nifi
813 348 837 363 ex
841 350 898 367 conae

147 373 201 394 sensu
212 373 293 401 majoris
303 373 366 401 partis
375 373 488 401 regentium
496 378 517 394 et
529 373 696 401 non—regentium
710 378 730 394 et
745 373 766 394 id
780 380 815 401 per
829 373 898 395 elefti

147 411 206 425 onem
214 411 270 425 moie
280 408 434 439 procuratorum
443 404 465 425 in
475 404 557 433 publico
571 404 667 425 scrutinio
677 404 767 425 habitam
777 409 837 432 atque
846 405 898 425 cele-

147 435 224 456 bratam
234 434 265 456 his
279 435 389 456 videlicet*
384 442 407 455 in
419 435 468 462 ipso
477 434 572 456 scrutinio
588 431 717 463 praesentibus
733 434 848 462 praefidente
865 436 898 456 vel

146 465 316 487 viceecancellaiio
325 465 400 486 seniore
409 465 491 486 do&0re
500 462 606 493 theologiae
614 464 704 492 religioso
713 465 812 486 ambobus
822 472 899 493 procu-

147 496 245 518 ratoribus
255 503 302 517 cum
313 496 388 517 seniore
400 503 452 517 non-
445 502 540 523 -regente
569 496 701 517 Decemimus
716 496 777 516 etiam
791 500 812 517 et
826 496 901 517 statui-

147 534 191 548 mus
202 531 226 548 ut
235 534 283 548 cum
293 527 409 555 prorogatio
418 528 449 548 vel
463 526 533 548 eleffio
547 526 638 555 proedie'ti
652 526 764 547 cancellarii
776 526 814 548 five
822 526 857 555 pe'r
865 534 898 548 re-

146 562 213 585 gentes
224 562 306 579 tantum
314 558 352 579 five
363 564 397 586 per
410 562 500 585 regentes
512 562 532 578 et
545 555 688 585 non-regentes
703 557 821 579 celebranda
834 557 897 579 fuerit*

146 589 185 617 ipse
193 589 236 610 dies
246 588 348 609 elefflonis
357 589 388 609 vel
398 588 546 616 prorogationis
560 588 639 616 publice
653 588 751 609 limitetur
760 592 780 609 et
790 587 898 616 assignetur

145 619 166 640 in
176 620 236 648 plena
250 617 389 640 universitatis·
399 619 512 647 regentium
526 623 546 640 et
561 619 727 646 non-regentium
742 618 897 646 congregatione

145 650 235 671 videlicet
244 654 268 671 ut
276 650 319 678 ipsa
327 650 398 671 eleEtio
407 650 438 670 vel
451 649 567 678 prorogatio
577 656 612 678 per
625 650 699 678 septem
709 648 760 671 ante⁴
765 649 806 670 dies
816 648 897 671 denuit-⁴

145 681 206 702 tietur
218 686 238 702 et
253 681 325 702 futura
337 680 375 702 effe
391 681 509 709 praedicerur
525 687 567 708 quo
583 680 683 701 maturius
699 685 719 701 et
734 680 897 709 circumspectius

145 711 186 733 fieri
196 712 262 740 poffir.
286 711 419 733 Decernimus
429 711 503 739 pariter
511 716 531 731 et
541 711 647 732 statuimus
657 715 682 731 ut
691 717 799 739 nunquam
808 718 856 732 mm
864 711 897 732 his

146 742 223 763 statutis
238 742 311 770 absque
325 742 420 763 consensu
433 747 454 763 et
469 741 591 763 authoritate
606 741 732 769 fingulmum
749 742 861 784 regentium
875 747 897 763 et

146 773 271 802 singulorum
281 780 335 795 non·
336 773 449 801 regentium
459 772 586 801 dispensetur.
608 779 611 782 ·

284 822 321 867 ςι.
329 838 367 860 De
371 838 541 868 praedicatoribus·
532 846 553 860 m
563 838 682 868 rrucesani
691 838 755 860 Pauli.

173 895 245 915 TEM
258 894 384 916 decernimus
398 899 418 916 et
431 894 538 916 statuimus
552 893 647 915 consensu
657 898 676 915 et
690 893 813 915 authoritate
824 899 897 921 regen-

178 925 232 946 tium
246 930 266 946 et
276 925 442 953 non-regentium
457 931 480 946 ut
490 925 575 954 quilibet
584 924 646 952 hujus
656 924 788 945 universitatis
799 922 820 945 in
830 924 894 945 sacra-

144 956 217 977 tiffima
225 956 326 984 theologia
335 956 406 977 doc'tor
416 956 469 977 infra
478 957 529 977 duos
538 963 603 977 annos
616 955 730 976 immediate
740 955 784 983 post
793 955 849 976 suam
860 955 894 976 hic

145 987 197 1015 apud
204 994 241 1008 nos
247 987 436 1008 commensationem
445 987 535 1008 ascendat
542 991 562 1008 et
569 986 662 1015 praedicet
671 986 693 1008 in
700 986 827 1007 celeberrima
834 992 894 1007 cruce

144 1017 206 1039 lanffi
221 1018 278 1039 Pauli
289 1018 400 1039 Londoniis
411 1018 502 1039 videlicet
515 1018 547 1038 vel
556 1024 592 1046 per
605 1017 623 1038 se
633 1017 664 1038 vel
678 1024 715 1045 per
728 1017 791 1038 alium
806 1016 896 1044 ejusdem

143 1048 175 1069 hic
185 1048 287 1069 facultatis
297 1048 399 1069 dofitorem
410 1049 440 1069 vel
451 1048 602 1070 baccalaureurn
612 1047 717 1069 secularem
732 1052 752 1068 et
765 1048 821 1076 quod
831 1047 894 1075 quili-

143 1079 176 1100 bet
186 1078 247 1107 ipsius
262 1079 363 1100 facultatis
373 1080 479 1107 theologiae
492 1079 576 1100 futurus
590 1079 729 1100 baccalaureus
744 1078 777 1099 hic
791 1079 845 1106 apud
855 1085 894 1099 nos

143 1109 197 1131 infra
206 1111 257 1131 nu*
265 1117 330 1131 annos
345 1110 390 1138 post
403 1110 510 1131 introitum
525 1110 583 1131 suum
594 1109 616 1130 in
630 1110 691 1131 libros
701 1107 843 1130 sententiarum
853 1108 894 1130 im—

143 1141 229 1162 mediate
238 1141 299 1162 etiam
308 1141 391 1162 eandem
406 1147 485 1161 crucem
497 1140 559 1162 sanffi
573 1140 631 1161 Pauli
640 1140 753 1161 Londoniis
766 1140 858 1160 ascendat
871 1143 895 1160 et

142 1171 223 1199 publice
232 1171 326 1200 praedicet
335 1179 370 1200 per
379 1171 397 1192 se
407 1172 479 1192 scilicet
487 1172 518 1192 vel
527 1177 563 1199 per
572 1170 635 1192 alium
647 1170 733 1197 ejusdem
747 1170 781 1191 hic
790 1169 893 1191 facultatis

142 1202 294 1223 baccalaureum
308 1203 339 1224 vel
349 1202 451 1223 doCtorem
466 1202 585 1223 secularem.
600 1206 621 1222 et
630 1202 686 1230 quod
695 1200 781 1229 quilibet
789 1200 850 1228 ipsius
860 1200 892 1222 fa-

142 1232 223 1254 cultatis
233 1233 339 1260 theologiae
353 1233 458 1254 aetualiter
466 1233 606 1254 baccalaureus
621 1232 713 1260 magister
723 1231 787 1252 socius
800 1232 832 1252 vel
846 1235 893 1262 per-¹

142 1263 254 1285 hendinans
270 1264 356 1291 alicujus
372 1263 451 1293 collegii
466 1261 527 1291 hujus
545 1263 678 1284 universitatis
694 1268 784 1290 ternpore
798 1259 893 1283 editionis

142 1294 204 1321 huius
214 1293 283 1315 statuti
293 1292 359 1315 infra
357 1299 396 1315 tres
407 1301 471 1318 annos
481 1293 594 1315 immediate
603 1293 706 1322 sequentes
715 1293 798 1314 eandem
812 1300 893 1314 crucem

141 1325 205 1346 saneti
215 1325 273 1346 Pauli
283 1325 395 1346 Londoniis
408 1325 499 1346 ascendat
513 1329 533 1345 et
548 1324 627 1353 publice
641 1324 734 1352 praedicet
744 1331 779 1353 per
788 1323 806 1345 se
820 1324 894 1346 scilicet

141 1357 172 1377 vel
183 1362 218 1384 per
232 1356 295 1378 alium
309 1356 395 1384 ejusdem
409 1356 442 1378 hic
458 1355 559 1409 facuDltatis
575 1355 727 1381 baccalaureum
744 1355 783 1376 vel
781 1354 893 1406 ¹xniofizorem

793 1392 828 1406 eeu
838 1391 892 1406 arem

956 149 982 173 25
