1192 1583
330 119 550 157 sTATu'TA
578 134 805 161 ANTIQUA.

246 215 443 236 ONCEDITUR
458 217 482 234 ut
496 213 618 234 baccalaurei
627 213 677 241 juris
685 213 748 234 civilis
757 213 779 235 in
788 214 890 242 posterum
899 221 942 236 non

257 250 364 267 teneantur
373 244 418 273 post
428 251 500 266 eorum
513 244 651 266 admiffionem
665 245 728 273 legere
741 244 817 266 librum
831 245 943 267 institutio-

190 284 243 299 num
253 276 275 298 in
285 276 355 298 scholis
366 276 451 304 publicis
465 283 513 297 cum
523 276 543 296 id
553 275 629 303 semper
644 275 685 296 fine
695 276 764 303 aliquo
778 276 848 297 frufiu
858 276 942 298 fecerint

189 308 216 329 sic
226 308 282 336 quod
290 307 433 335 unusquisque
433 313 503 328 eorum
514 306 576 327 solvat
583 306 707 327 univerfitati
714 311 815 334 quantum
821 307 944 329 considerata

189 339 235 367 fing
236 339 317 360 ulorum
327 338 423 359 facultate
433 338 535 359 decretum
544 337 605 358 fuerit
615 344 650 365 per
660 337 711 358 vice-
713 338 853 360 cancellarium
863 343 883 360 et
892 339 942 360 doe-

189 374 257 391 torem
276 369 374 390 cathedrae
392 368 442 396 juris
456 368 519 390 civilis
535 373 555 389 et
570 368 667 389 seniorem
682 373 834 396 procuratorem
849 369 885 398 qui
905 377 943 398 pro

189 405 283 429 tempore
291 399 367 421 fuerit*
361 404 391 421 na
400 406 482 428 quoque
492 404 519 421 ut
525 400 579 420 ultra
590 400 623 427 13⁸
631 397 651 426 4⁴
661 406 673 420 a
681 399 762 420 nemine
771 400 869 427 exigatur

698 439 733 455 ub.
741 440 783 456 om.
792 441 842 457 Μαι
850 446 865 461 3.

248 493 444 515 ONCEDITUR
458 496 482 513 ut
491 491 583 520 praefatio
597 491 666 513 habita
680 492 774 521 postridie
787 493 917 515 comitiorum
932 501 944 516 a

259 523 391 546 baccalaureis
406 523 512 551 theologiae
526 523 609 544 sufficiat
619 523 646 544 eis
661 524 697 551 qui
711 530 766 544 nunc
777 523 823 544 sunt
836 529 856 545 et
870 525 906 552 qui
920 525 943 546 in

189 556 295 585 posterum
301 559 362 576 erunt
367 562 405 583 pro
414 554 500 575 lec‘tione
509 554 598 581 magistri
604 554 746 575 sententiarum
754 561 819 582 quum
826 555 944 582 magistrum

189 586 337 608 sententiarum
345 586 410 614 legere
419 592 454 614 per
467 584 530 612 regias
540 584 677 613 injunffiones
691 592 733 613 non
742 585 788 606 licet
802 590 822 606 et
836 586 891 614 quod
901 593 944 608 non

189 622 300 639 teneantur
309 621 415 645 propterea
424 616 449 637 ad
457 615 574 637 ulteriorem
580 615 714 637 residentiam.

697 657 732 673 m.
740 654 784 673 ora«.
791 660 808 673 A.
817 649 843 673 roi,
851 663 867 678 7.

250 711 317 731 ONC
321 711 338 731 E
342 711 362 731 D
366 710 375 730 1
379 710 399 730 T
403 710 422 730 U
427 710 447 730 R
456 713 480 730 ut
488 709 584 730 dominus
593 708 775 730 vice-cancellarius
785 709 874 738 praefides
884 704 945 736 eolle-

256 741 337 769 giorum
347 747 417 761 omnes
427 740 458 761 vel
468 746 538 761 eorum
553 739 654 761 substituti
668 747 710 761 una
719 747 766 767 cum
780 741 952 768 procuratoribus,

189 773 282 794 habeant
291 771 435 799 authoritatem
444 770 545 792 limitandi
553 771 638 791 modum
652 775 672 792 et
685 770 771 793 formam
786 771 861 800 quibus
875 779 946 793 omnes

190 803 314 832 quicunque
324 802 485 823 scholasticorum
495 802 602 830 privilegiis
612 802 697 829 gavisuri
712 802 758 823 sunt
767 807 787 823 et
797 801 894 824 haetenus
904 805 950 824 non'

190 835 242 856 sunt
248 833 309 861 jurati
317 833 422 854 academia
430 839 496 861 neque
505 833 628 854 matriculati
633 833 718 854 debeant
725 833 791 860 jurare
796 838 817 854 et
822 834 947 855 matriculari

191 870 214 887 et
224 869 326 893 quantum
334 870 373 892 pro
381 864 423 885 ista
428 871 449 885 re
462 864 547 885 debeant
560 864 633 885 solvere
642 868 662 885 et
671 864 774 892 quomodo
788 869 808 885 et
818 865 915 893 quicquid
924 865 947 886 hi

191 903 266 917 omnes
277 900 313 916 aut
321 895 386 922 major
394 902 465 916 eorum
475 901 520 922 pars
530 894 657 923 praesentium
667 895 681 916 fi
691 902 761 916 omnes
776 895 838 916 adeffe
847 903 891 916 non
901 896 946 923 p'os-

193 926 243 947 sunt
249 931 296 947 ante
301 926 388 947 mensem
397 925 504 947 decreverit
513 932 551 954 pro
561 925 637 946 statuto
643 926 741 947 habeatur
746 925 774 947 sie
779 930 803 946 ut
812 926 880 954 prius
878 931 946 948 emam

194 957 253 979 vobis
263 957 342 985 legatur
351 961 371 978 et
380 962 425 978 tum
437 957 458 977 in
468 956 549 978 librum
553 961 708 991 procurator-uni
714 956 843 984 inscribatur.

707 998 741 1013 Lib
749 1001 787 1018 grat.
795 1001 811 1014 Δ.
819 998 846 1013 fol.
854 998 869 1014 8.

337 1054 444 1083 Syngrapha
453 1054 502 1075 inter
510 1058 579 1075 veteres
588 1058 606 1075 et
615 1061 667 1075 novos
677 1058 808 1082 procuratores.

258 1110 393 1133 ΠΟΝΙΑΜ
407 1116 443 1137 per
452 1109 551 1131 incuriam
561 1113 581 1130 et
590 1109 732 1137 negligentiam
742 1110 890 1131 nonnullorum
900 1113 950 1138 pro:

269 1146 386 1162 curatorum
401 1145 423 1161 et
429 1139 518 1162 altorum
533 1139 686 1167 magistratuum
699 1140 793 1161 effet‘tum
809 1140 837 1161 est
853 1145 877 1161 ut
892 1141 948 1161 librae

194 1171 287 1198 :pondera
297 1171 394 1192 mensurae
405 1170 474 1199 resque
487 1171 531 1192 aliae
543 1177 579 1198 per
587 1170 710 1191 academiam
724 1176 797 1199 emptae
810 1172 949 1199 disperdantur

192 1202 247 1230 :saepe
257 1209 279 1223 ac
293 1202 427 1227 defiderentur
436 1208 483 1222 cum
497 1206 565 1222 tamen
579 1208 623 1222 non
637 1207 731 1229 appareat
745 1202 802 1228 cujus
817 1202 836 1222 id
850 1202 910 1230 eulpa
925 1202 949 1223 sit

194 1232 292 1253 effaetum
301 1232 407 1253 statuimus
418 1237 441 1253 ut
449 1237 469 1253 et
479 1232 518 1253 hoc
527 1238 617 1260 tempore
626 1237 646 1253 et
653 1232 731 1260 *semper
738 1232 829 1260 deinceps
839 1232 892 1253 inter
901 1240 948 1261 pro-

199 1268 299 1284 curatores
314 1268 388 1284 veteres
401 1270 423 1284 ac
437 1268 500 1284 novos
515 1263 627 1291 syngrapha
640 1263 674 1284 flet
689 1263 792 1284 indentata
806 1270 852 1291 quae
866 1264 949 1285 testetur

201 1294 247 1321 quid
259 1301 271 1315 a
285 1294 384 1321 veteribus
399 1294 563 1322 procuratoribus
577 1300 645 1314 rerum
659 1293 765 1314 academiae
779 1295 837 1315 novis
851 1295 950 1316 traditum

201 1324 260 1346 fuerit
270 1332 307 1346 nec
317 1325 374 1346 aliter
387 1325 424 1346 nifi
438 1332 473 1353 per
487 1325 543 1346 illam
558 1325 691 1353 syngrapham
705 1325 810 1353 utriusque
823 1333 887 1347 manu
903 1326 950 1347 sub-

201 1355 294 1384 scriptam
301 1360 440 1385 procuratores
451 1356 563 1392 recedentes
578 1363 589 1377 a
599 1356 717 1384 magistratu
727 1356 762 1378 suo
772 1356 894 1378 liberentur.
907 1357 951 1384 post

545 1388 590 1414 Q.
643 1408 646 1410 ,
681 1403 683 1406 ,
815 1391 818 1394 ’
862 1394 951 1416 quoium

986 143 1023 158 121

965 224 1009 240 ¹5⁴¹·

967 499 1011 515 ¹54³*

969 715 1012 731 ¹⁵4⁴·

962 1119 979 1129 ai
987 1114 1020 1134 Jtn.

972 1138 1016 1154 ¹⁵44·
