1192 1583
204 130 238 145 '10

407 122 639 146 -STATUTA
667 123 915 153 ANTIQUAu

273 178 359 202 petatur
374 177 421 194 ante
437 173 563 194 cessationem
580 179 695 201 campanae
699 180 762 201 quam
778 169 837 194 tanto
851 177 942 201 tempore
951 170 1030 202 pulsari

277 205 373 226 volumus
382 205 438 233 quod
448 204 533 232 quilibet
543 204 619 225 liabens
630 204 719 226 interesse
729 204 801 233 possit
796 204 878 225 interim
887 204 955 226 venire
964 212 977 226 a
984 205 1029 226 loco

276 235 408 257 habitationis
417 235 457 256 suae
467 235 529 263 usque
538 236 562 256 ad
572 236 641 256 locum
651 231 819 263 congregationis.
838 236 940 256 Volumus
950 235 1031 264 insuper

277 267 341 294 quod
343 273 390 287 cum
401 266 439 287 hoc
449 266 524 287 statuto
534 273 576 287 non
588 266 710 301 dispensetur
719 266 793 294 absque
802 265 897 287 consensu
907 266 1000 288 omnium
1010 271 1031 288 et

275 298 405 326 singulorum
414 302 435 318 et
444 298 499 325 quod
510 297 567 318 nulla
576 297 640 326 grzitia
651 302 731 327 petatur
739 297 845 325 quousque
854 297 912 318 causa
921 304 1030 326 congrega-

279 329 341 350 tionis
351 335 386 357 per
396 328 538 350 cancellarium
547 329 577 349 vel
584 328 628 356 ejus
638 328 802 356 vices-gerentem
812 332 947 357 proponatur.
964 350 977 360 .-

481 401 513 422 ²3·
523 395 595 415 -Forma
604 379 835 424 bannitionisscholariunt.
874 390 876 392 ¹

303 450 331 471 N
346 448 384 471 Dei
399 448 482 470 nornine
493 444 559 469 amen.
588 447 644 475 Qia
658 445 696 470 nos*
712 449 814 470 Edvardus
830 449 888 479 Story
898 447 1030 472 universitatis

316 479 485 507 Cantabrigiensis
494 479 623 502 cancellarius
633 486 669 507 per
679 479 830 507 inquisitionem
842 486 877 508 pei·
885 486 924 501 nos
934 485 974 501 uria
984 487 1032 502 cum

278 511 444 540 procuratoribus
454 507 513 531 dietae
526 510 660 531 universitatis
671 510 759 538 legitime
770 511 879 532 secundum
892 511 979 532 formam
989 511 1032 533 vim

279 547 300 563 et
314 541 408 563 effectum
428 541 550 562 statutorum
565 540 716 569 privilegiorum
729 546 750 562 et
763 541 932 563 consuetudinum
944 542 1031 569 ejusdem

279 573 356 594 factam
370 574 399 597 N,
409 573 438 597 N,
449 577 468 594 et
478 573 499 593 N
514 572 611 593 scholares
625 572 713 593 subditos
733 572 811 593 nostros
826 573 961 601 comperimus
975 573 1032 595 fuisse

279 604 359 631 diversis
369 603 447 625 vicibus
456 603 586 631 vagabundos
600 610 648 624 cum
658 602 718 624 armis
734 603 755 627 in
766 603 874 624 noffibus
870 611 891 625 iu
905 600 1032 626 universitate

280 634 377 664 praediaa
386 641 408 656 ac
418 641 474 655 arma
484 634 506 655 in
516 634 584 655 eadem
593 639 664 655 eontra
674 641 743 662 pacem
754 634 831 655 domini
841 635 903 656 nosti-i
913 635 963 663 regis
973 635 1031 656 detis

280 666 322 687 lisl'e
332 673 355 687 ac
369 672 405 694 per
413 666 496 686 eandem
508 664 658 693 inquisitionem
673 665 699 686 fic
713 670 736 686 ut
750 665 881 693 praemittitur
895 665 970 687 factam
981 666 1031 687 alios

280 697 378 718 scholares
392 696 470 717 nostios
485 696 573 717 subditos
587 695 678 717 videlicet
693 696 722 721 A,
730 697 756 721 B,·
764 701 784 717 et
794 697 811 717 C
825 696 887 718 etiam
897 697 1031 725 comperimus

281 727 398 755 hujusmodi
409 726 532 755 vagabundis
542 734 590 748 cum
604 727 665 748 armis
675 727 697 748 in
706 727 832 749 universitate
842 727 937 756 praedicta
945 735 988 756 per
989 728 1032 749 eos-

281 759 328 780 dem
339 758 409 779 delatis
424 762 502 779 contra
509 765 578 786 pacem
593 758 671 779 domini
685 757 748 779 nostri
758 765 808 786 regis
819 765 854 786 per
865 758 942 780 suum
937 759 1032 796 iniquum

277 789 389 811 'consilium
399 788 465 810 faviffe
475 793 535 817 atque
545 794 617 810 contra
626 788 724 810 h'onorem
737 789 797 810 ‘dietae
810 787 952 816 univers-itatis
957 795 977 811 et
990 789 1033 818 ejus

276 820 359 842 'statuta
372 819 511 848 acprivilegia>
523 824 543 841 et
557 820 710 848 eonsuetudines
724 820 826 849 deliquisse
834 820 917 849 propter
930 828 978 849 quae
987 821 1034 843 [ιιι-ἐὶ

283 852 310 873 ab
323 851 451 872 universitate
461 851 545 879 praefata
558 858 596 879 pro
605 856 703 880 perpetuo
716 851 788 873 mei-ito
800 850 911 880 expellendi
920 858 957 872 nos
967 852 1033 877 dieto>-

283 890 331 904 rum
340 882 462 904 statutorum
472 882 623 910 privilegiorum
630 888 650 903 et
660 881 829 904 consuetudinum
834 880 953 910 §quitatem
959 882 1034 904 servare

283 914 373 934 volentes
382 912 488 941 praedit‘stos
502 915 529 938 A,
538 914 560 939 B,
569 914 588 934 C
598 920 620 935 ac
631 913 691 935 etiam
704 912 731 939 D',
741 915 766 938 E,
776 913 793 934 P
806 913 846 934 fuis
854 912 984 943 Iexigentibus
998 914 1033 935 ἆτ’-

277 944 360 966 ⁵meritis
371 948 440 966 tenore
447 943 576 973 praefentium
585 944 693 966 bannimus
704 951 726 965 ac
736 943 841 972 tanquam
849 945 939 965 membra
953 944 1035 973 putrida

277 975 297 996 'a
306 975 452 1000 communitate
459 975 591 996 universitatis
601 975 673 997 nostrae
682 973 797 1003 pnediikae‘
792 982 814 996 in
824 974 857 996 his
866 975 943 1004 scriptis
953 975 1034 1011 penitus

285 1006 410 1034 segregamus
421 1006 539 1027 mandantes
548 1011 569 1027 et
579 1005 677 1027 firmiter
672 1006 800 1034 injungentes
810 1005 888 1027 eisdem·
891 1011 991 1034 quatenus
1001 1007 1034 1028 iii·-

285 1037 317 1058 fra
327 1042 366 1058 tres
376 1037 417 1058 dies
426 1037 518 1065 proxime
527 1037 630 1065 sequentes
639 1044 651 1058 a
658 1036 690 1058 die
697 1036 789 1065 praesenii
797 1037 946 1065 computandos
954 1038 979 1058 ab
987 1038 1035 1059 uni-

284 1068 378 1119 versitsate
389 1067 483 1096 praedieta
492 1068 513 1089 se
527 1068 627 1089 divertant
639 1067 771 1110 postmodum
783 1068 807 1089 ad
822 1068 906 1106 eandem
920 1068 1036 1102 nullatenus

285 1106 340 1120 revel·
349 1106 387 1120 ull.
841 1107 844 1110 ⁴

314 1131 363 1151 Dat
373 1130 410 1151 sub
417 1129 481 1158 sigillo
490 1129 551 1151 officii
561 1129 624 1167 nostri
631 1130 704 1158 quinto
714 1129 760 1158 idus
769 1130 827 1174 Julii‘.

334 1212 337 1215 .
371 1201 404 1221 24.
418 1195 487 1215 contra
488 1194 571 1222 serentes
579 1201 633 1215 arcies
642 1198 675 1215 aut
684 1194 720 1214 bal
715 1193 755 1221 stas
764 1194 818 1222 irfia
826 1194 954 1222 mtmicipIum.

325 1249 493 1269 ‘r-ATUTUM
509 1248 556 1269 est'
551 1255 572 1269 in
576 1241 645 1276 plena
654 1240 808 1276 congregatione
823 1249 934 1277 regentium
950 1249 970 1269 et
984 1255 1037 1269 non-

334 1279 446 1306 reg'entii'im
465 1278 597 1300 univerfitatis
617 1279 752 1307 cantabrigiae
763 1266 856 1301 utimr?
860 1280 894 1300 die
911 1279 963 1301 Maii
982 1281 1038 1300 'anno

287 1310 373 1331 Domini
383 1309 495 1331 millessimo
504 1311 565 1330 cccc*
574 1310 612 1331 lx*
626 1317 682 1331 nono
692 1311 747 1338 quod
758 1311 827 1331 nullus
837 1310 930 1338 magister
939 1310 971 1331 seu
981 1310 1038 1331 scho-

287 1341 333 1363 laris
343 1340 426 1362 serviens
437 1340 529 1361 scholaris
541 1340 624 1369 scriptor
635 1341 666 1361 vel
678 1341 804 1363 stationarius
819 1346 889 1363 contra
901 1340 1038 1369 tranquillita-

997 1376 1038 1393 tem
