1192 1583
194 137 232 159 24·

413 128 635 150 STVATUTA
662 128 890 155 ANTIQUJA.

425 217 460 238 49.
479 211 511 231 Ne
520 210 583 231 clerici
591 209 689 237 adfinem
698 209 762 230 laicale
770 209 877 231 trahantur.

304 266 374 288 TEM
387 265 494 287 statuimus
504 266 559 293 quod
570 265 585 286 ii
598 264 681 286 clericus
691 263 754 286 alium
763 264 836 286 nostrae
845 264 977 287 universitatis
986 266 1026 287 cle—

310 297 374 318 ricum
385 297 409 317 ad
419 296 488 318 forum
499 296 533 317 seu
546 296 645 323 judicium
655 295 723 317 laicale
737 296 761 316 de
771 300 843 325 caetero
857 296 923 317 vocari
932 296 985 318 trahi
995 297 1026 317 vel

273 328 296 351 in
306 328 363 349 causa
372 323 475 349 conveniri
489 327 557 348 fecerit
568 327 601 348 seu
610 327 726 348 convenerit
739 327 770 347 vel
785 326 937 355 quomodolibet
951 327 972 348 in
987 327 1025 348 hac

272 363 329 387 parte
339 358 437 380 vexaverit
446 365 470 379 ex
479 362 529 379 tunc
538 357 578 386 ipse
588 364 675 381 necnon*
682 357 807 385 quiscunque
821 357 879 378 11¹1&ae
894 357 1025 379 univeffitatis

271 389 354 410 clericus
367 389 504 416 cuiuscunque
521 388 643 409 conditionis
658 387 746 409 extiterit
760 387 866 412 consilium
880 388 979 410 auxilium
994 389 1025 410 vel

272 419 362 441 favorem
371 419 444 441 eisdem
455 419 476 440 in
486 419 588 447 praerniffis
598 419 630 439 vel
644 425 715 440 eorum
725 418 793 446 aliquo
804 419 899 447 praestans
913 419 955 447 ipso
969 419 1025 441 sueto

271 450 391 472 sententiam
400 449 615 471 excommunicationis
629 449 719 470 incurrat
729 456 741 470 a
750 456 791 477 qua
800 449 837 470 nifi
847 453 889 471 tam
902 449 1025 472 universitati

271 481 371 510 praedistae
382 481 440 508 cujus
449 480 560 507 jurisdictio
568 480 630 501 fuerit
644 480 739 508 usurpata
753 481 784 501 vel
794 480 890 508 impedita
898 487 961 509 quam
971 481 1025 509 parti

272 519 318 540 quae
326 512 408 533 turbata
422 511 444 533 in
458 511 573 538 hujusmodi
587 511 723 539 persecutione
737 510 800 532 fuerit
816 511 840 532 de
857 511 931 539 injuria
944 512 1024 533 damnis

271 543 360 572 expensis
375 547 395 563 et
408 542 497 564 interesse
511 542 566 570 prius
580 549 617 570 per
630 542 716 563 eundem
731 541 810 570 integro
823 541 885 563 fuerit
900 542 1024 564 satisfaCtum

271 581 307 602 per
324 573 382 594 dietae
399 572 532 594 univerfitatis
549 573 691 594 cancellarium
706 572 867 601 praefidentemve
881 580 1024 601 quemcunque

270 605 388 625 nullatenus
403 604 523 625 absolvatur.
552 604 614 631 Qod
629 603 643 624 fi
658 603 772 630 hujusmodi
787 603 885 624 absolutio
902 608 974 632 praeter
993 605 1024 625 vel

271 640 342 656 conti-a
351 634 440 656 formam
449 634 566 663 praediCtam
578 634 692 662 aliqualiter
700 634 762 655 fuerit
772 634 862 663 impensa
870 634 913 663 ipso
923 635 967 662 jure
975 635 1024 656 nul-

270 666 309 686 lius
320 665 401 694 penitus
411 666 434 687 fit
443 665 543 687 momenti
552 672 575 686 ac
584 665 646 687 etiarn
655 665 772 693 quicunque
783 670 806 686 ut
817 665 947 693 praemittitur
957 666 1024 690 delin—

270 703 334 724 quens
344 703 355 717 a
366 703 489 725 quocunque
503 696 551 717 ac‘tu
564 700 584 717 et
598 696 676 717 honore
689 696 787 717 doc‘torali
802 696 910 724 magistrali
920 696 953 717 stu
966 696 1024 718 scho-

269 727 338 748 lastico
348 728 426 748 alienus
436 727 533 749 habeatur
541 734 566 748 ex
575 732 625 748 tunc
639 732 659 748 et
673 727 770 748 exclusus.
800 728 827 748 Et
841 727 890 755 quia
904 727 1024 755 praedibtum

270 758 370 779 statutum
379 758 516 780 universaliter
525 758 616 786 loquitur
626 758 650 779 de
659 758 731 779 clerico
741 758 824 785 quidam
834 765 858 779 ex
870 758 908 780 hoc
918 758 1023 780 materiam

271 789 404 810 dubitationis
411 788 513 810 assumunt
522 795 549 809 an
559 788 631 809 scilicet
636 788 710 809 virtute
719 788 773 809 illius
780 786 835 810 verbi
843 789 952 810 “clericus’'
958 789 1024 811 clerici

271 824 353 840 tantum
364 819 401 847 qui
417 819 463 840 sunt
480 819 576 841 scholares
594 819 615 840 in
631 819 687 840 dic‘to
698 819 774 846 statuto
792 819 922 840 includantur
935 820 966 840 vel
979 827 1023 842 non

270 851 394 871 declaratum
403 850 431 871 est
440 850 495 878 quod
505 850 604 871 statutum
615 846 740 878 pradictum*
748 849 797 876 iuris
812 850 926 871 communis
934 851 1023 872 executi-

270 888 319 902 vum
328 886 371 902 tam
381 881 462 902 clericos
470 880 566 902 scholares
575 888 638 909 quam
647 881 729 902 clericos
739 887 781 901 non
790 881 887 902 scholares
901 881 955 902 infra
964 881 1023 908 juris—

270 912 379 933 dictionem
389 912 501 933 cancellarii
510 912 543 933 seu
552 911 685 933 universitatis
695 911 794 940 praedictae
804 911 825 933 in
835 911 913 933 dictum
923 912 1023 934 statutum

269 943 456 971 quomodocunque
465 943 615 964 committentes
625 943 692 971 quoad
701 949 772 964 omnes
785 942 814 963 sui
822 949 893 971 poenas
901 947 921 964 et
930 943 1022 965 censuras

269 973 377 1002 complecti
387 973 519 1001 intelligatur.

271 1045 304 1067 50.
324 1039 357 1060 De
358 1038 464 1066 juramento
466 1039 578 1068 scholarium
587 1040 608 1061 in
613 1040 675 1068 primo
683 1040 716 1067 sm
730 1035 816 1061 Adventu.
845 1040 892 1061 Item
905 1039 927 1061 de
939 1040 1021 1061 eletiione

472 1071 578 1091 cancellarii
585 1076 603 1092 et
608 1071 737 1099 prorogatione
745 1070 826 1099 ejqsdem.

335 1126 356 1146 D
363 1121 447 1146 'laudem
457 1125 610 1154 Omnipotentis
619 1125 658 1147 Dei
667 1131 687 1147 et
700 1133 738 1154 pro
747 1125 834 1153 glorioso
843 1125 966 1147 incremento
976 1126 1021 1148 lau-

348 1156 505 1184 dabilissimaque
514 1156 647 1178 universitatis
656 1156 711 1178 fama
725 1163 762 1185 pro
771 1156 814 1183 ejus
826 1161 921 1184 perpetua
934 1157 1021 1178 tuitione

268 1194 317 1215 pace
324 1192 344 1208 et
354 1187 500 1215 tranquillitate
509 1187 634 1209 decernimus
644 1192 664 1208 et
674 1187 780 1208 statuimus
790 1187 885 1208 consensu
899 1191 919 1208 et
929 1187 1021 1208 authori-

267 1223 309 1239 tate
319 1217 431 1245 regentium
441 1222 461 1239 et
471 1218 637 1246 non-regentium
647 1222 670 1239 ut
679 1218 810 1246 collegiorum
817 1219 910 1239 aularum
920 1222 940 1239 et
947 1218 1020 1239 domo-

268 1256 314 1270 rum
329 1255 351 1269 ac
366 1248 460 1269 omnium
475 1248 609 1277 hospitiorum
623 1248 655 1270 hic
673 1249 773 1277 praepofiti
788 1248 877 1276 magistri
893 1248 1019 1277 prandentes

267 1284 287 1300 et
302 1279 421 1307 principales
436 1279 578 1306 jusjurandum
594 1287 607 1301 a
622 1280 701 1301 cunffis
718 1284 738 1300 et
751 1279 833 1307 singulis
846 1279 968 1300 scholaribus
980 1279 1019 1301 suis

268 1310 332 1331 aetatis
347 1310 500 1338 quatuordecim
515 1318 617 1332 annorum
632 1315 652 1332 et
666 1310 725 1339 supra
738 1310 867 1331 existentibus
882 1310 935 1331 infra
950 1310 1020 1332 termi-

265 1348 319 1363 num
328 1347 399 1362 eorum
409 1341 521 1363 accessionis
535 1341 568 1363 hic
579 1343 604 1363 ad
618 1341 767 1363 universitatem
781 1341 882 1370 accipiant
896 1341 985 1362 videlicet
995 1342 1020 1362 de

950 1372 1020 1393 obedi-
