1192 1583
308 136 534 159 STAirqu
560 137 787 165 ANTLQUJR.

169 186 239 208 devote
246 183 268 206 e't
277 184 377 213 complete
390 184 430 206 viz.
440 184 462 206 in
470 185 561 214 exequiiss
571 191 617 207 ante
627 185 719 208 inifmm'
724 186 795 214 psalmi
805 187 922 215 magnificat

170 222 188 239 et
198 217 220 238 in
231 216 290 238 miffa'
296 220 343 237 ante
352 216 436 249 initium
445 216 533 249 epistola
546 216 698 246 participabunt
712 217 821 240 secundum
830 220 923 254 tenorem

170 248 260 280 praediffl
269 246 356 276 registri
389 278 391 280 Ι
433 254 436 256 ·
447 263 451 266 «

402 311 425 332 18
431 318 448 332 1.
464 312 497 332 De
506 311 554 339 cistis
562 312 694 340 univerfieatis.

226 367 339 389 rsTAM
356 366 446 394 magistri
461 366 548 388 Thomae
561 367 587 388 de
601 367 670 389 sanCto
687 368 791 396 Botulpho
807 368 922 390 custodiant

228 405 282 420 unus
292 397 385 426 magister
393 404 463 426 regens
473 398 523 419 alter
531 405 655 426 non·regens
665 406 678 420 a
687 406 728 427 qua
737 399 785 420 cista
798 400 869 422 nullus
883 400 923 421 ha-

168 430 216 452 bens
232 429 320 451 reditum
336 435 429 450 annuum
446 436 461 450 x
477 429 575 450 librarum
586 429 662 457 aliquid
680 434 754 451 mutuo
769 430 854 459 accipiat
868 431 920 452 alius

168 468 214 483 vero
222 460 329 482 dimidiam
339 467 428 481 marcam
438 459 473 481 sub
483 460 567 488 pignore
576 460 623 481 libri
632 461 664 481 vel
673 460 754 482 alterius
764 461 833 488 jocalis
847 467 867 483 et
877 469 921 483 non

168 493 221 513 ultra
231 491 337 520 quousque
346 491 406 513 dicta
414 490 467 512 cistae
477 490 563 512 excrevit
573 491 658 512 facultas
668 492 693 512 ad
703 498 769 513 unum
779 499 857 513 annum
867 500 920 521 prae-

170 523 205 545 cise
214 527 309 544 mutuare
318 521 405 551 poterit:
415 521 460 550 post
470 529 547 543 annum
559 529 607 543 vero
620 522 698 550 lapsum
713 522 767 544 trina
781 524 921 551 praeconizati-

169 561 206 575 one
214 561 251 582 pes
259 553 336 575 scholas
344 553 399 574 fac‘lza
407 552 486 574 debitor
495 552 611 579 hujusmodi
624 553 709 575 redimat
718 553 793 582 pignus
805 555 837 579 vel
846 555 921 577 venda-

170 590 202 607 tur
210 589 232 606 et
240 584 338 613 quicquid
348 583 455 605 excreverit
468 584 493 604 de
502 584 580 606 summa
594 589 697 606 remaneat
706 584 728 606 in
738 585 785 606 cista
795 585 900 614 quousque
909 593 922 607 a

169 616 257 637 debitore
265 620 353 644 petatur.
381 616 434 636 Item
448 614 470 636 in
479 614 520 636 fine
529 615 579 637 anni
593 615 683 636 custodes
697 615 750 637 cistae
764 621 883 644 computent
896 617 922 638 de

168 646 254 675 pecunia
263 651 284 667 et
293 646 412 674 pignoribus
422 646 505 674 receptis
514 653 557 674 quo
566 646 633 667 debite
642 646 697 667 fak‘to
707 646 794 668 habeant
803 647 922 675 acquietan-

168 678 217 699 tiam
233 677 270 699 sub
284 677 349 705 figino
363 676 503 698 univerfitatis.
532 678 584 698 Item
598 678 654 705 quod
667 677 721 698 ditsta
735 678 821 706 pecunia
835 679 857 699 in
871 679 921 700 alios

165 709 214 731 usus
222 715 286 737 quam
296 712 321 729 ut
332 712 438 730 mutuetur
447 707 570 729 scholaribus
584 713 609 729 ut
619 708 740 736 praemiffum
750 709 779 730 est
791 714 921 731 convertatur

163 747 209 761 non
225 739 300 768 poterit
314 739 467 767 quomodolibet
480 738 592 767 dispensari.
621 739 697 760 Cistam
712 739 801 767 magistri
815 740 881 763 Wi111.
896 741 923 762 de

162 771 225 793 Elida
234 770 348 792 custodiant
358 770 401 792 duo
409 769 498 798 magistri
507 769 530 792 in
539 770 616 791 artibus
627 770 653 791 ad
663 770 701 791 hoc
715 770 776 798 jurati
786 776 841 792 unus
850 778 920 800 regens

161 803 218 823 alter
228 804 351 829 non-'regens
361 808 373 822 a
383 808 425 829 qua
434 801 503 822 nullus
518 801 593 823 habens
603 801 691 822 reditum
705 808 798 823 annuum
813 802 851 823 five
865 803 922 824 valo-

161 840 210 854 rem
219 840 232 854 c
247 833 356 854 solidorum
366 832 388 853 in
401 832 546 860 temporalibus
561 832 591 853 vel
606 832 742 860 spiritualibus
756 837 830 854 mutuo
845 833 922 862 aliquid

161 864 251 892 recipiat
261 870 298 885 nec
306 863 381 891 aliquis
396 863 447 884 alius
461 863 515 884 ultra
529 863 598 884 decem
611 863 683 884 solidos
697 864 802 891 quousque
816 864 922 886 facultates

159 895 227 916 diaae
234 894 287 916 cist'ae
295 893 417 916 excreverint
426 898 446 915 et
452 894 490 915 hoc
500 894 536 914 sub
545 893 630 922 pignore
639 894 743 915 sufficienti
750 894 797 916 libri
802 895 833 915 vel
839 895 921 916 alterius

160 925 244 952 jocalis.
266 927 324 947 ·1tem
333 932 371 946 nec
378 925 427 946 alter
436 925 548 947 custodiens
558 925 617 946 dictae
626 925 678 946 cistae
688 925 742 946 ultra
757 933 770 946 x
786 925 858 946 solidos
873 933 921 947 mu-

161 961 226 978 tuam
235 957 261 978 ab
270 957 338 977 eadem
347 956 412 977 debet¹
441 957 493 978 Item
507 956 593 984 pignora
603 963 646 977 non
656 957 758 984 redempta
768 957 854 977 vendent
864 964 922 978 com-

161 988 272 1016 putabunt
282 993 302 1008 et
310 987 348 1008 alia
357 986 433 1008 faciant
443 991 466 1008 ut
475 987 497 1008 in
507 987 602 1015 proximo
611 987 729 1015 praecedenti
739 987 829 1015 capitulo
839 988 921 1009 ordina-

132 1029 138 1031 *
164 1024 214 1039 *tum
229 1018 264 1040 est.
292 1018 368 1039 Cistam
382 1017 460 1039 domini
477 1018 576 1046 Johannis
593 1018 617 1038 de
636 1018 734 1039 Bloundel
752 1018 865 1040 custodiant
879 1020 922 1040 duo

166 1049 258 1077 :magistri
267 1049 378 1072 in'artibus
388 1056 443 1070 unus
451 1055 520 1077 regens
526 1049 581 1074 ,alter
591 1055 715 1076 non-regens
725 1049 754 1070 -ad
769 1050 807 1071 hoc
822 1049 888 1077 jurati.
897 1051 922 1072 de

167 1088 210 1108 qua
226 1085 300 1101 mutuo
318 1080 407 1108 accipere
420 1080 494 1108 poterit
509 1080 602 1107 magister
616 1087 630 1101 x
650 1080 722 1101 solidos
736 1085 756 1101 et
774 1087 817 1101 non
832 1081 885 1102 ultra
899 1086 920 1102 et

168 1112 208 1133 hoc
219 1112 254 1133 sub
263 1111 347 1139 pignore
357 1110 461 1132 sufficienti
472 1111 611 1132 baccalaureus
626 1111 730 1132 dimidiam
744 1118 833 1132 marcam
848 1116 868 1132 et
877 1119 921 1133 non

169 1143 224 1164 ultra
233 1142 269 1163 sub
278 1142 362 1170 pignore
372 1143 410 1163 hcc.
427 1141 474 1163 Post
482 1148 561 1162 annum
568 1141 622 1162 facta
631 1142 684 1162 trina
692 1142 861 1170 praeconizatione
872 1149 921 1163 ven-

169 1174 229 1194 datur
238 1173 312 1202 pignus
322 1180 365 1194 non
379 1173 516 1201 redemptum:
530 1172 655 1200 vagabundis
669 1180 716 1194 vero
730 1173 810 1201 publice
824 1173 920 1194 concubi-

170 1204 232 1226 nariis
242 1204 295 1232 pacis
305 1203 479 1232 perturbatoribus
488 1203 519 1224 vel
529 1203 650 1224 scholaribus
660 1203 682 1225 in
692 1204 798 1225 matricula
807 1211 849 1224 non
859 1203 921 1226 inser-

170 1235 195 1256 tis
205 1235 257 1256 nihil
267 1235 347 1263 penitus
357 1239 463 1255 mutuetur
472 1241 485 1255 ι
494 1234 653 1263 cistapraedifta.
683 1236 715 1256 De
728 1234 863 1256 excoescentiis
874 1242 923 1256 vero

170 1265 205 1287 fiat
215 1266 265 1287 licut
275 1265 411 1294 supradictum
420 1266 449 1287 est
458 1272 494 1286 nec
503 1265 643 1286 committatur
657 1265 742 1293 pecunia
756 1265 811 1287 cistae
821 1266 922 1294 praedie'tae

171 1297 289 1318 mercandiis
303 1297 334 1317 vel
349 1296 435 1325 negotiis
450 1296 570 1318 secularibus
585 1296 618 1317 seu
633 1296 785 1324 quomodolibet
801 1297 923 1318 distrahatur

171 1328 201 1349 sed
211 1328 276 1349 solum
286 1328 311 1349 ad
324 1327 388 1349 usus
380 1334 493 1356 pauperum
508 1327 627 1348 scholarium
642 1327 753 1356 applicetur
767 1333 787 1349 et
798 1328 862 1349 solum
877 1329 924 1350 tali-

171 1366 206 1380 um
217 1359 254 1388 qui
263 1359 331 1381 decem
341 1366 418 1381 marcas
427 1359 535 1381 annuatim
544 1359 566 1380 in
575 1358 671 1381 reditibus
682 1360 712 1381 vel
722 1359 869 1388 poffeffionibus
879 1366 923 1380 non

877 1390 925 1411 sunt
