1192 1583
286 129 511 153 §TATUTA
538 132 764 161 ANTlQUA.

147 180 229 202 causam
239 179 378 201 rationabilem
392 186 431 208 pro
439 179 458 201 se
471 179 601 202 defendendis
614 180 752 203 deficientibus
762 181 794 203 seu
804 182 901 205 convictis

150 212 188 233 sub
198 211 234 232 tali
245 211 312 232 forma
321 212 365 232 Nos
375 211 511 239 suspendimus
525 216 545 232 te
555 212 577 232 N
585 212 616 232 vel
626 219 661 233 vos
676 213 698 233 N
708 217 728 233 et
739 214 760 234 N
768 213 798 234 vel
808 214 869 235 talem
879 215 901 235 N

149 242 181 264 vel
191 242 240 263 tales
252 243 273 264 N
282 246 302 263 et
312 242 334 262 N
343 241 369 262 ab
383 241 440 263 omni
450 242 530 263 datione
540 242 594 264 vocis
609 248 649 264 tuae
659 243 727 265 vestrae
737 244 768 265 vel
777 244 816 266 suae
827 249 868 266 tam
879 244 901 266 in

149 273 282 295 eleffionibus
291 280 354 301 quam
360 272 382 294 in
388 273 519 294 concedendis
528 273 598 301 gratiis
606 274 637 295 vel
646 274 742 302 negandis
751 275 857 303 quousque
865 276 901 296 ab·

149 304 270 326 solutionem
288 303 380 325 obtineas
398 304 505 325 obtineatis
522 304 554 325 vel
571 304 677 326 obtineant
696 305 775 327 statutis
792 306 901 328 consonam
919 316 927 323 κ

149 334 291 357 universitatis.
320 336 372 356 Item
381 335 437 363 quod
451 334 555 361 cujussibet
564 335 610 357 talis
620 335 749 364 suspensionis
763 344 827 365 quam
841 337 901 359 eitius

149 366 193 389 fieri
203 365 278 394 poterit
285 365 306 387 ‘m
314 365 469 394 congregatione
478 366 509 387 vel
518 371 609 395 ternpore
617 367 749 395 exequiarum
757 368 791 389 seu
800 367 903 389 miffarurn

149 397 186 420 fiat
195 396 326 419 denunciatio
334 396 414 425 publice
423 404 459 425 per
472 397 573 419 bedellum
586 404 656 419 coram
669 398 788 420 cancellario
801 399 903 421 vice-can-

149 428 233 450 cellario
241 428 273 450 vel
282 428 405 456 praesidente.
429 429 457 449 Et
471 428 556 456 quilibet
566 428 669 457 suspensus
678 429 724 450 talis
734 430 799 451 solum
809 436 845 458 per
853 436 902 451 can-

149 459 254 481 cellarium
263 458 457 480 vice-cancellarium
467 459 498 480 vel
506 459 643 487 praefidentem
654 460 813 482 reconciliandus
820 460 843 481 in
851 467 902 482 eon-

150 490 266 518 greg-atione
276 490 388 518 regentium
399 494 419 511 et
428 489 515 517 ejusdem
524 491 550 512 nd
563 491 601 512 hoc
611 490 683 518 majori
697 496 753 519 parte
767 491 903 515 consentiente

149 526 171 543 et
183 528 228 543 non
243 521 301 542 aliter
313 521 461 543 absolutionem
473 521 563 550 aliquam
578 521 669 543 obtineat
684 522 790 544 efficacem.
819 523 844 543 In
859 528 904 544 non

149 552 253 580 gremiales
264 559 311 573 vero
320 557 391 574 contra
403 552 468 574 dictos
478 552 573 574 articulos
583 553 722 581 delinquentes
732 553 763 574 vel
771 557 902 575 contumaees

149 583 209 605 licent
218 583 381 612 procuratoribus
391 583 428 604 sub
437 583 473 604 tali
483 583 549 605 forma
558 583 609 605 ferre
618 584 737 605 sententiam
747 585 791 605 Nos
802 584 903 612 suspendi·
923 586 927 590 ‘

150 621 197 636 mus
206 618 227 636 ee
236 615 258 636 N
267 615 298 635 vel
307 621 342 636 vos
353 615 381 639 N,
387 615 409 636 N
418 614 452 635 seu
461 615 522 636 talem
532 615 554 636 N
563 615 594 635 vel
605 615 653 636 tales
665 615 693 640 N,
705 616 726 636 N
735 615 761 636 ab
771 614 829 636 omni
838 615 903 643 gradu

150 650 171 667 et
180 645 248 667 forma
257 645 342 666 ulterius
351 645 477 674 suscipiendis
487 645 510 666 in
518 652 641 674 quacunque
651 645 746 667 facultate
756 651 776 667 et
785 646 842 667 omni
852 652 903 667 con-

150 676 252 697 secutione
261 676 398 704 cujuscunque
410 676 479 704 gratiae
489 676 526 697 tibi
539 676 595 697 vobis
611 677 641 697 vel
654 676 690 697 fibi
704 683 740 704 per
752 677 902 698 universitatem

152 707 276 735 praestandae.
300 707 374 728 Omnis
383 711 452 728 autem
461 707 507 728 talis
517 707 647 735 suspensionis
662 707 697 728 fiat
707 707 836 728 denunciatio
850 708 904 735 pub-

152 738 189 759 lice
199 745 235 766 per
242 738 343 762 bedellurn
352 737 374 759 in
384 738 455 759 scholia
469 738 552 765 singulis
562 738 662 759 ordinarie
675 737 785 765 legentium
800 743 820 759 et
834 738 903 766 dispu-

153 770 242 790 tantium
256 775 293 790 nec
307 768 421 790 absolvatur
435 768 537 797 suspensus
546 769 592 790 talis
606 769 643 790 nisi
657 769 737 797 publice
747 774 767 790 et
782 769 866 790 sedendo
880 768 903 789 in

152 800 220 821 forma
228 800 389 828 cor-respondenti
397 800 491 821 antelatae
500 799 627 828 suspensioni.
648 801 737 821 Omnem
747 799 833 828 denique
842 799 904 821 aliam

151 830 298 859 suspensionem
308 835 351 852 tam
359 830 487 858 gremialium
497 837 559 859 quam
570 837 613 852 non
622 830 749 858 gremialium
759 835 779 851 et
787 836 850 858 quam
860 837 904 851 non

151 861 241 883 insecuta
249 861 311 883 fuerit
319 861 400 890 publia
408 861 538 883 denunciatio
552 861 653 889 aliamque
663 861 824 882 denunciationis
837 865 858 882 et
867 861 904 882 ab·

152 892 258 914 solutionis
267 897 287 913 et
296 892 426 921 suspenfionis
436 892 522 913 formam
532 898 595 920 quarn
610 892 729 920 praedictum
740 892 768 913 est
777 892 856 913 irritam
866 891 903 913 effe

152 924 248 945 volumus
258 928 319 951 atque
329 923 420 945 nullam:
435 923 535 951 praedictis
546 922 661 950 adiicientes
675 923 729 951 quod
744 922 796 943 nulli
806 929 903 951 procura-

129 971 131 974 ,
152 959 222 975 torum
231 954 290 975 liceat
299 961 346 975 eum
354 954 439 982 suspensi
449 954 581 976 merebuntur
590 953 663 975 absolvi
675 954 705 974 vel
716 953 733 974 se
742 953 803 974 nimie
812 953 903 974 difficiles

153 985 232 1006 reddere
241 985 272 1006 vel
280 992 318 1013 pro
327 991 450 1013 quacunque
463 984 588 1006 absolutione
597 984 631 1006 sua
640 991 717 1005 munus
725 984 808 1012 aliquod
821 984 853 1005 vel
866 991 902 1014 pe·

153 1015 235 1038 cuniam
244 1015 352 1037 minimam
361 1020 469 1044 receptare.

200 1081 213 1102 ⁶
215 1087 234 1109 5.
252 1081 285 1102 De
293 1080 407 1102 taxatur-ihm
415 1085 433 1101 et
438 1080 517 1132 ρινψῗιι
526 1080 615 1132 danorum
624 1084 642 1101 et
647 1080 709 1108 primo
717 1080 739 1101 de
747 1079 862 1102 taxatoribus

480 1119 490 1132 e
497 1119 538 1139 lgm
557 1119 572 1132 s.

182 1167 255 1188 TEM
268 1167 367 1188 staturum
382 1166 410 1187 est
423 1166 479 1194 quod
488 1165 571 1194 singulis
580 1166 639 1194 annis
648 1166 693 1194 post
701 1166 818 1187 clemonem
829 1172 903 1193 procu-

189 1202 281 1219 ratorum
291 1198 313 1219 in
322 1198 390 1218 eadem
404 1197 559 1225 congregatione
567 1204 603 1225 per
613 1197 735 1222 ,scrutinium
749 1197 849 1224 eligantur
862 1196 905 1217 duo

153 1228 188 1250 alii
199 1228 288 1256 magistri
298 1228 374 1250 artium
383 1234 420 1256 per
432 1228 530 1255 majorem
544 1233 622 1256 partem
636 1228 777 1255 magistrorum
791 1227 813 1248 in
828 1227 904 1248 artibus

153 1259 268 1287 regentium
283 1260 309 1280 nd
326 1259 438 1280 taxandum
453 1259 524 1280 domos
541 1263 561 1279 et
576 1259 639 1279 affisas
655 1258 770 1279 faciendum
785 1262 806 1279 et
820 1257 905 1279 fideliter

153 1290 299 1311 observandum
308 1289 428 1311 oencellnrio
436 1293 456 1310 et
464 1289 544 1310 duobus
551 1289 716 1317 procuratoribus
725 1288 840 1316 hujusmodi
849 1288 904 1309 scru-

154 1320 230 1343 finium
241 1321 346 1343 audituris.
374 1320 467 1349 Magistri
481 1327 528 1342 vero
538 1324 637 1341 taxatores
647 1319 672 1341 fic
682 1320 772 1348 deputati
782 1327 850 1341 coram
861 1324 905 1340 tota

503 1358 516 1373 ε
528 1358 540 1373 2
819 1357 904 1377 congre-

959 143 985 165 35
