1192 1583
423 132 644 160 STATUTA
671 132 896 165 ANTIQUA.

285 191 376 209 mentum
388 187 444 215 quod
452 185 506 207 infra
516 184 616 206 annum3a
625 188 715 213 tempore
725 185 764 206 suae
773 185 895 206 admistionis
906 185 988 214 incipiet
998 187 1034 209 sub

285 225 345 247 poena
355 218 417 239 unius
427 224 498 238 marcae
506 216 613 237 communi
618 215 677 237 'cistae
682 215 878 241 univerfitatisinfra
883 217 971 238 mensem
979 219 1034 246 post-

285 256 348 278 quam
358 248 450 269 defecerit
458 247 591 276 persolvendae
601 254 637 268 nec
651 247 722 275 quovis
732 247 793 268 modo
802 247 886 275 incipiat
899 247 935 269 nifi
950 255 998 270 cum
1012 248 1034 274 in

286 281 347 303 altera
362 279 457 301 facultate
472 278 561 307 inceptio
576 278 691 299 celebretur.
726 279 784 306 Juret
806 277 886 306 insuper
903 279 989 306 quiliBet
1008 280 1034 301 {ic

287 310 380 332 admissus
390 310 413 331 in
423 310 461 331 'sua
471 309 584 337 inceptione
594 310 619 330 de
632 308 785 330 continuatione
799 308 838 330 suoe
852 309 934 331 lesturae
947 317 984 338 per
997 317 1034 336 an-

285 349 337 363 num
358 341 381 362 in
392 338 495 362 vehimine
509 340 580 368 majori
597 339 691 361 Prisciani
706 340 793 360 tenendo
807 339 861 361 infra
879 340 932 361 idem
954 345 1035 370 tempus

284 370 323 394 {ria
332 370 436 394 convenite
445 370 544 399 'generalia
553 370 575 391 in
586 373 675 398 quorurn‘
684 370 781 399 *quolibet
794 370 901 392 declarabit
909 368 1035 400 versum'po-

285 403 359 424 ericum
370 404 394 423 ad
404 403 488 423 modum
499 401 592 423 Prisciani
602 401 623 422 in
633 401 738 428 duodecim
748 401 834 422 versibus
840 401 920 430 Virgilii
930 402 965 423 sub
975 409 1035 430 poena

284 433 355 462 viginti
366 433 474 455 solidorum
484 432 589 454 communi
603 432 655 459 cistae
669 431 723 453 infra
736 432 823 453 mensem
837 439 879 461 quo
893 432 985 455 defecerit
999 441 1035 462 ap-

285 465 432 493 plicandorum.
457 464 559 484 Volumus
571 462 632 484 etiam
642 463 697 491 quod
705 462 790 490 fingulis
805 463 960 491 processionibus
974 472 1035 493 gene-

285 496 360 522 ralibus
371 495 423 516 infra
435 501 513 515 annum
528 494 567 515 suae
581 493 662 515 lecturae
676 493 840 521 contingentibus
854 501 923 516 coram
938 496 1035 518 universi!

285 525 327 547 iate
344 526 423 554 fignum
438 524 620 553 bajuletvcrucifixi
635 525 665 545 vel
682 531 718 554 per
734 525 797 546 alium
813 525 910 547 idoneum
925 526 1035 548 scholarem

285 556 388 585 deporta-'ri
397 555 539 584 saciet'judicio
548 556 703 585 procuratorum
713 553 867 588 admittendum.

482 629 490 642 1
497 620 528 642 1'8.
547 621 580 642 De
588 620 674 649 vesperiis
682 621 703 642 in
709 620 841 649 grammatica
873 616 875 618 ¹

314 675 384 699 TEM
394 676 500 698 statuimus
509 676 564 704 quod
575 676 600 704 de
608 666 680 697 caetero
689 675 780 704 vesperiae
789 676 811 697 in
821 677 952 704 grammatica
960 669 1036 708 semper

321 708 371 729 fiant
380 707 403 729 in
412 707 453 735 ipsa
462 707 528 728 schola
536 707 618 735 publica
626 707 773 735 grammaticali
781 707 819 729 ubi
829 707 851 729 in
859 707 987 732 universitate
997 709 1034 731 ista

285 740 311 761 ad
320 744 369 760 tunc
379 739 427 760 solet
436 738 568 766 grammatica
578 738 651 759 doceri.
671 742 673 745 “
751 767 754 769 ¹
879 746 881 748 ·
915 747 925 763 g
937 761 940 764 5
1007 748 1009 751 ·

516 810 523 824 1
530 810 537 824 ι
542 811 561 830 9.
580 803 613 824 De
621 802 693 824 medIcis
702 803 809 832 inceptun's.

314 860 384 881 TEM
392 858 497 880 statuimus
507 858 562 886 quod
572 858 641 885 nullus
651 858 771 880 admittatur
780 859 804 880 ad
813 858 952 887 incipiendum
961 859 983 881 in
992 855 1034 882 me·

320 890 387 912 dicina
395 890 432 911 nisi
446 890 502 918 prius
512 889 534 911 in
548 889 625 911 artibus
641 889 711 911 rexerit
721 895 742 910 et
755 890 781 910 ad
795 889 863 911 minus
873 897 909 918 per
918 890 1037 919 quinquen-¹

284 922 343 943 nium
353 921 386 942 hic
395 922 426 942 vel
435 920 483 942 alibi
497 920 519 942 in
529 920 656 942 univerlitate
665 920 750 941 audierit
759 920 879 942 medicinam
891 921 919 942 ita
928 922 983 949 quod
997 924 1037 943 aus?

284 953 343 974 dierit
353 952 411 973 semel
421 951 482 973 libros
492 951 597 973 medicinae
607 958 650 972 non
659 955 806 972 commentatos
816 951 856 972 viz.
866 951 941 973 librum
956 953 1035 979 Johan-

284 983 333 1005 nicii
341 983 417 1004 librum
431 979 526 1004 Philare'ti
538 983 565 1003 de'
578 982 668 1011 pumbus
682 981 757 1002 librum
772 981 921 1009 Theophilide
935 982 1001 1004 urinis
1007 989 1036 1005 ει

284 1014 395 1042 quemlibet
405 1013 482 1037 librum
490 1013 677 1037 Isaacfivizdibrum
684 1012 791 1036 urinarum
801 1012 853 1033 Isaac
862 1012 937 1039 librum
945 1014 970 1034 de
977 1013 1035 1042 dietis

284 1042 439 1073 particularibus
449 1044 525 1065 librum
534 1044 622 1065 febrium
634 1043 686 1064 Isaac
701 1043 776 1067 librum
788 1040 880 1068 viaticia„
901 1044 952 1065 Item
966 1044 1036 1070 audiat

284 1076 343 1097 semel
353 1075 497 1097 antidotarium
508 1074 615 1096 Nicholaiz
630 1074 679 1095 item
688 1073 756 1095 audiat
771 1073 801 1095 bis
814 1074 877 1095 libros
888 1075 1036 1097 commentatos

284 1107 323 1128 viz.
333 1106 409 1128 librum
419 1106 486 1134 Tegni
494 1105 575 1127 Galieni
587 1105 663 1127 librum
676 1104 851 1134 prognosticorum
860 1105 936 1126 librum
946 1106 1036 1134 aphoris-

284 1145 366 1159 morum
375 1137 450 1158 librum
464 1137 489 1158 de
498 1137 594 1165 regimine
607 1141 714 1158 acutorum
727 1141 746 1157 et
762 1137 817 1164 quod
826 1136 895 1164 legerit
910 1136 995 1158 cursor-ie
1010 1138 1036 1159 ad

285 1169 353 1190 minus
364 1175 430 1190 unum
440 1168 516 1189 librum
526 1169 551 1189 de
560 1167 654 1191 theorica*
662 1172 682 1189 et
696 1167 758 1188 alium
771 1168 795 1188 de
810 1166 897 1195 prafflca
910 1173 931 1188 et
944 1168 999 1196 quod
1013 1167 1037 1190 in

285 1199 356 1220 scholis
365 1199 405 1220 suae
415 1198 516 1220 facultatis
525 1199 606 1227 publice
615 1203 635 1219 et
645 1196 784 1227 principaliter
795 1197 910 1226 opposuerit
924 1204 945 1219 et
954 1198 1035 1227 respon-

285 1230 336 1251 derit
345 1235 365 1250 et
375 1230 431 1258 quod
440 1230 465 1251 ad
475 1229 543 1250 minus
558 1236 593 1258 per
603 1236 682 1250 annum
692 1229 810 1250 exercitatus
825 1228 886 1250 fuerit
899 1229 920 1250 in
935 1230 1037 1257 practica&

285 1260 314 1281 ita
324 1261 379 1288 quod
389 1261 431 1288 ejus
447 1260 519 1282 notitia
530 1260 551 1282 in
560 1260 636 1282 statura
644 1260 735 1281 moribus
745 1265 765 1281 et
775 1260 854 1281 scientia
864 1265 905 1281 tam
916 1260 937 1281 in
949 1260 1037 1282 theorica

285 1298 347 1319 quam
357 1291 378 1312 in
389 1291 476 1319 praEtica
486 1291 547 1313 fuerit
555 1292 628 1313 merito
638 1292 749 1320 approbata
763 1291 788 1311 ab
798 1290 894 1312 omnibus
904 1291 1001 1319 magistris
1011 1292 1036 1312 il-

284 1322 324 1343 lius
333 1322 434 1343 facultatis
444 1322 708 1353 secundumdeposttionern
719 1322 743 1343 de
757 1321 836 1343 scicntia
849 1323 959 1343 eorundem
975 1323 1036 1343 modo

282 1352 405 1381 supradicto:
420 1357 440 1374 et
455 1358 504 1374 tunc
518 1350 638 1375 admittatur
651 1360 699 1375 cum
712 1353 800 1374 formam
815 1353 932 1381 praediftam
946 1353 965 1374 se
978 1359 1037 1374 com-¹

352 1388 356 1390 '
651 1384 664 1396 '·
957 1384 1036 1412 plevisse
