1192 1583
327 133 452 155 1εινΕ
481 116 722 155 σΚΑΤῙΕ.’
924 135 966 163 μς

183 209 232 229 UM
242 208 266 229 ad
277 207 376 229 honorem
383 207 489 228 academiae
498 211 518 228 et
527 207 608 229 medicae
617 208 664 229 artis
675 208 823 230 incrementum
833 216 877 237 per·
890 209 924 224 0³·
933 213 958 226 ¹⁰·

173 242 176 245 ”
193 239 257 260 tineat
266 244 290 259 ut
298 238 394 260 leffiones
401 237 495 260 chemicae
504 243 524 259 et
533 239 652 260 anatomicae
662 239 685 260 in
695 240 740 260 loco
750 239 832 268 publico
842 240 879 261 ha-
903 228 947 248 ¹⁷¹⁶'

132 270 218 290 beantur
827 277 830 281 ”

159 301 238 321 Placeat
251 300 307 321 vobis
322 304 345 321 ut
359 300 514 328 typographium
530 307 606 321 novum
622 300 727 322 academiae
742 301 832 329 alioquin
846 301 881 323 in-

131 330 258 352 frustuosum
269 331 294 352 ad
304 330 362 352 usum
376 331 476 358 johannis
487 331 564 352 Waller
575 332 593 352 S.
601 332 627 352 T.
636 332 658 352 B.
673 331 785 359 profess'oris
796 332 880 354 chemiae

131 366 150 383 et
159 362 242 389 Georgii
252 362 312 382 Rolfe
326 361 438 390 profefforis
453 362 559 383 anatomiae
573 362 681 383 destinetur
696 367 720 383 ut
734 362 755 383 hi
764 362 880 390 professores

131 399 242 420 eorumque
260 392 373 413 successores
388 392 452 420 gratia
470 392 587 413 venerabilis
602 392 663 419 hujus
680 392 758 414 senatus
775 393 880 415 constituti

130 423 225 444 lectiones
236 422 279 443 suas
288 430 312 443 eo
321 423 342 444 in
353 423 397 443 ioco
408 423 495 443 habeant
504 423 645 451 eelebrentque
654 427 718 451 utque
726 423 806 452 insuper
816 424 880 445 eidem

131 453 222 481 Johanni
237 454 314 474 Wauer
328 453 407 474 difitum
425 454 582 482 typographium
600 453 628 474 ita
645 454 766 475 concinnare
780 454 838 476 liceat
856 460 880 476 ut

131 484 257 513 operationes
267 484 360 505 chemicae
370 483 407 505 rite
417 489 437 505 et
447 485 552 505 commode
562 484 612 505 inibi
623 484 711 512 praestari
721 484 817 513 poterint.

577 526 611 541 Lib.
618 530 656 547 grat.
661 529 680 541 e.
687 531 703 546 p.
710 526 745 546 ⁵⁶7.

184 613 233 634 ΠΜ
247 613 325 634 {enatus
335 611 421 639 dignitas
432 611 556 639 gravitasque
569 611 654 632 omnino
664 611 764 639 postulare
773 611 880 633 videantur
889 610 930 633 'Petu
937 618 954 634 ε.

193 648 216 664 ut
224 643 274 664 nihil
281 643 317 664 nist
324 642 456 663 deliberatum
463 642 597 671 omniumque
605 641 680 669 judicio
688 642 807 670 perpensum
816 643 879 664 vestra
902 637 947 657 ¹⁷¹⁶·

128 674 254 695 authoritate
263 673 362 694 sanciatur
792 671 795 673 ’
872 671 875 673 “

159 705 238 725 Placeat
249 700 305 724 vobis
318 708 342 724 ut
354 710 424 725 omnes
435 703 458 724 in
470 704 572 731 posterum
585 703 698 731 rogationes
710 703 749 724 five
760 704 830 732 gratiae
845 704 880 732 (iis

126 740 213 756 tantum
223 734 309 763 exceptis
319 741 365 762 qua:
379 734 403 755 ad
413 735 486 761 gradus
500 741 525 755 ex
533 734 595 755 veteri
609 741 665 763 more
675 734 786 762 pertinent)
797 734 820 755 in
829 735 880 756 dua-

127 767 169 787 bus
183 765 372 793 congregationibus
387 769 434 785 ante
449 764 500 786 inita
515 764 608 793 suffragia
620 764 700 794 publice
715 765 831 786 recitentur.
859 765 881 787 si

129 804 177 825 quae
187 803 235 817 vem
242 796 298 817 aliter
308 797 354 817 latae
362 800 382 817 et
391 796 484 817 conceffae
493 796 569 817 fuerint
582 803 610 817 eae
623 796 699 816 viribus
713 795 767 816 caffae
779 796 881 824 irritaeque

129 827 244 848 habeantur
253 831 313 855 atque
323 831 347 847 ut
360 826 446 847 vestrum
461 826 499 847 hoc
514 826 615 847 decretum
630 826 699 847 statuti
709 826 751 847 vim
760 827 850 849 obtineat
859 832 880 849 et

129 858 184 879 intra
193 857 261 879 decem
270 857 311 879 dies
320 861 475 887 procuratorum
485 857 540 879 fibris
550 857 676 878 inscribatur.
901 856 904 858 ’

547 898 583 914 Lib.
590 901 628 919 gut.
635 893 652 914 ό.
657 903 673 918 p.
679 898 714 914 668,

547 929 580 945 Lib.
588 934 628 950 prot.
636 929 664 945 sen.
673 929 700 944 fol.
708 934 743 949 ¹⁰9·
749 929 765 946 b»

547 960 582 977 Lib.
590 965 630 981 proc.
635 961 667 981 jun.
674 960 701 975 fol.
708 964 742 980 ειη.
749 960 765 976 l.

179 1042 310 1063 LACE'AT
323 1041 380 1062 vobis
394 1046 419 1062 ut
431 1041 456 1062 ad
469 1041 510 1063 dies
524 1041 615 1063 cinerum
629 1041 765 1062 solenniusin
776 1041 919 1069 posterumreb.
929 1052 954 1064 ιι.

185 1073 315 1094 observandos
326 1079 396 1093 eorum
404 1072 477 1100 aliquis
486 1072 522 1100 qui
530 1073 616 1100 gradum
625 1073 785 1093 baccalaureatus
795 1072 816 1093 in
825 1072 879 1093 sacra
899 1068 942 1087 ¹⁷¹⁸·

129 1103 231 1131 theologia
239 1102 347 1131 suscepturi
363 1102 410 1123 sunt
425 1103 446 1123 in
458 1102 507 1124 festo
521 1103 561 1124 divi
576 1103 672 1123 Barnabae
686 1103 777 1131 proxime
786 1103 879 1130 sequente

128 1134 239 1162 quotannis
250 1138 341 1155 teneatur
350 1133 465 1154 concionari
475 1134 500 1154 ad
514 1134 590 1154 clerum
605 1134 630 1154 ad
639 1133 789 1161 affignationern
799 1133 877 1154 domini

128 1164 278 1192 procancellarii
292 1171 329 1192 pro
343 1168 433 1193 tempore
447 1164 547 1185 existentis
558 1169 577 1185 et
587 1169 611 1185 ut
620 1164 659 1185 hoc
673 1165 775 1185 decretum
789 1164 876 1185 vestrum

127 1195 197 1217 statuti
207 1195 299 1223 perpetui
313 1195 402 1222 vigorem
416 1195 507 1216 obtineat
520 1199 540 1216 et
554 1195 576 1216 in
585 1200 740 1223 procuratorum
755 1194 810 1216 libris
821 1194 875 1215 infra

129 1226 245 1254 quindecim
253 1226 293 1248 dies
304 1225 430 1248 inscribatur.

370 1266 372 1268 .
576 1254 610 1270 Lib.
617 1258 654 1275 gut.
662 1258 695 1275 Lp-
704 1259 719 1274 ς.

575 1286 610 1301 Lib.
617 1290 658 1306 pree.
665 1285 693 1301 sen.
700 1286 727 1301 fol.
733 1290 769 1302 no.
775 1291 790 1301 ι.

574 1317 609 1333 Lib.
616 1322 657 1338 μσς.
662 1317 693 1337 jun.
700 1317 727 1333 fol.
734 1322 768 1336 ιη.
775 1316 790 1332 b.

462 1369 502 1397 3F
682 1370 875 1400 'PLACEAT
