1192 1583
332 121 753 145 appssnnrx.

164 170 296 192 hebdomada:
305 170 392 192 amittat.
421 171 449 191 Et
458 170 473 191 fi
482 177 517 199 per
526 170 618 199 quinque
627 170 678 192 vices
693 170 715 191 in
724 170 786 192 unius
795 170 844 192 anni
854 170 917 199 spatio

164 202 186 223 id
193 201 293 223 admiserit
301 206 346 222 tum
356 208 368 223 a
378 201 462 229 collegio
476 202 593 230 expellatun
622 201 666 229 Qj
676 208 723 222 vero
733 201 792 223 miffae
802 200 844 223 non
854 202 917 223 inter-

164 232 227 254 fuerit
246 239 328 261 poenam
341 239 376 260 per
390 232 488 253 statutum
505 232 584 259 collegii
602 233 732 254 constitutam
749 232 846 254 incurrat.
875 232 917 254 Ubi

163 270 211 285 vero
225 270 249 285 ea
262 263 371 285 constituta
386 270 428 284 non
437 263 465 285 est
475 262 502 284 si
496 270 523 284 ex
532 263 617 291 collegio
631 263 758 284 communias
772 263 869 292 percipiat
878 271 916 292 pro

163 295 231 324 prima
246 294 288 315 vice
305 294 412 322 prandium
428 294 459 315 vel
477 301 556 315 coenam
571 294 651 315 amittat
663 301 703 325 pro
710 294 795 315 secunda
806 294 866 315 unius
876 294 916 315 diei

162 333 202 355 pro
218 325 277 346 tertia
294 324 425 346 hebdomadae
440 323 479 353 p'ro
493 329 566 360 quarta
579 325 687 353 quindenae
702 332 739 352 pro
753 324 826 353 quinta
836 326 915 346 mensis.

162 357 227 384 Qod
236 356 250 377 fi
259 356 344 377 ulterius
354 355 408 377 intra
419 356 481 377 unius
494 355 544 376 armi
558 355 645 384 spatium
659 356 787 377 contumacia
802 356 914 384 processerit

161 395 176 409 a
185 387 270 415 collegio
281 387 379 415 tanquam
388 384 529 414 incorrigibilis
536 386 654 414 expellatur.
683 386 726 414 Qi
734 394 780 408 vero
786 387 913 409 communias

157 425 206 440 non
215 418 276 439 habet
283 417 297 439 fi
307 417 330 438 fit
340 424 390 446 puer
395 418 426 439 vel
435 424 512 446 pauper
522 417 616 439 scholaris
625 418 751 439 verberibus'
746 418 825 448 jeiuniis
832 418 864 439 seu
873 419 912 439 alio

159 449 224 470 modo
237 449 262 469 ad
277 448 383 469 arbitrium
392 448 493 477 praepofiti
503 449 535 470 seu
545 448 635 477 magistri
649 449 721 469 domus
736 449 848 476 castigetur.
878 449 913 470 Sin

159 480 244 501 alterius
259 479 282 501 fit
294 479 419 500 conditionis
434 479 532 500 rnulfflam
546 479 637 507 pecuniae
647 477 757 501 numeratas
766 481 837 501 eodem
851 481 913 501 modo

158 517 205 539 quo
222 510 268 532 socii
283 511 314 531 vel
333 509 430 531 scholares
448 517 529 538 poenam
544 508 685 531 subtractionis
703 511 867 532 communiarum
888 516 913 532 ut

158 541 282 570 praefertur
277 541 374 562 incurrat.
403 542 492 569 Deputet
497 545 566 562 autem
577 541 695 569 praepositus
705 541 794 569 aliquem
804 542 882 563 fidelem
892 547 912 563 et

157 572 277 600 diligentem
291 579 316 593 ex
330 571 414 599 collegio
432 572 446 592 li
461 571 478 592 is
498 578 533 599 per
549 572 648 592 statutum
658 578 701 592 non
710 572 738 592 est
752 572 860 600 deputatus
875 573 912 601 qui

157 604 233 625 habeat
238 603 314 624 librum
324 602 346 623 in
354 609 396 630 quo
405 601 489 623 nomina
496 602 589 623 omnium
597 602 622 622 de
630 602 715 630 collegio
722 602 758 628 qui
766 603 867 624 abfuerint
878 604 911 624 seu

160 634 180 655 se
197 634 288 654 decenter
302 633 323 654 in
339 633 417 654 ecclesia
432 640 474 654 non
488 632 580 661 gesserint
594 632 672 654 aliudve
685 633 788 655 omiserint
801 634 857 662 quod
871 634 911 655 illis

159 664 277 691 iniunctum
292 668 350 685 notet
367 668 387 684 et
401 663 486 692 punEtet
500 668 614 692 *antequam
628 671 653 685 ex
666 664 729 685 choro
745 665 873 692 egrediantur
890 670 911 687 et

159 695 237 723 vespere
251 695 318 716 tradat
331 695 405 716 eorum'
418 695 502 716 nomina
515 694 622 723 praepofito
636 695 713 716 custodi
726 695 759 716 seu
769 696 863 723 magistro
872 697 910 725 qui

160 727 218 755 juxta
225 726 360 754 praescriptam
369 725 457 747 formam
466 733 500 747 eos
510 726 601 747 mulchtt.
616 726 678 753 Qod
685 726 698 746 fi
704 726 814 754 punc‘mtor
820 727 908 755 aliquam

159 757 252 779 fraudem
267 757 297 777 vel
311 756 455 784 negligentiam
470 757 492 778 in
506 756 624 784 punc‘tando
638 757 760 778 commiserit
773 764 811 785 pro
820 759 911 785 qualibet

159 788 202 809 vice
215 788 343 809 communias
357 787 399 814 ejus
413 787 452 808 diei
466 787 553 808 amittat.
581 787 670 815 Singulis
685 792 754 809 autem
768 788 868 810 mensibus
878 790 910 811 vel

158 819 273 847 septimanis
280 818 421 847 punfikatorfi
417 823 445 839 lta
451 818 557 846 praeposito
563 817 663 839 videbitur
673 823 769 840 mutetur.
798 821 825 841 Et
831 821 909 843 nemini

158 850 196 871 sub
205 856 265 878 poena
275 849 336 870 amus
338 856 382 870 oms
392 849 556 870 communiarum
562 849 675 877 quamdiu'
670 857 692 871 m
702 850 831 871 contumacia
838 851 909 879 persti-

157 880 205 902 terit
221 881 260 902 hoc
280 887 332 901 onus
349 886 385 908 per
401 877 530 915 praeposltum
544 879 580 901 fibi
594 879 724 901 deserendum
739 881 826 902 recusare
843 882 908 904 liceat.

157 911 278 939 Praepolitus
288 915 363 932 autem
366 911 484 938 negligens*
479 917 501 932 m
510 910 675 945 delinquentibus
688 916 708 932 et
719 912 873 934 contumacibus
884 918 907 934 ut

156 942 263 971 praefertur
272 941 379 976 puniendis
390 948 427 969 pro
436 941 526 969 qualibet
536 941 579 962 vice
585 948 627 969 qua
636 948 670 962 eos
680 942 752 970 punire
760 943 907 970 praetermiserit

155 972 242 994 solidum
257 972 337 993 amittat
352 977 372 993 et
385 972 429 993 aliis
439 972 503 1000 poenis
513 970 610 993 crescente
619 972 747 993 contumacia
755 977 776 994 et
785 974 907 1001 negligentia

157 1004 182 1024 ad
192 1003 299 1028 arbitrium
313 1002 408 1024 ordinarii
417 1002 496 1030 collegii
507 1003 539 1024 seu
549 1003 600 1024 aulae
612 1002 716 1025 visitatoris
730 1003 833 1031 puniatur.
861 1007 905 1027 Cu-

156 1040 202 1055 rent
216 1038 284 1055 autem
294 1026 395 1062 prae'posni
405 1033 535 1061 collegiorum
549 1038 569 1055 et
583 1034 692 1055 aularum*
687 1042 709 1055 m
718 1034 793 1070 quibus
808 1042 905 1058 numerus

156 1065 219 1086 trium
235 1065 359 1086 sacerdotum
375 1071 418 1085 non
434 1065 487 1085 adest
501 1069 525 1085 ut
539 1065 555 1085 is
570 1071 667 1086 numerus
681 1072 744 1093 quam
755 1065 848 1093 primum
861 1067 905 1089 fieri

155 1090 230 1124 poteri't
239 1096 337 1116 habeatur
346 1094 454 1118 etinterim
466 1095 491 1116 ad
501 1095 601 1119 ecclesiam
615 1095 731 1117 viciniorem
746 1097 795 1117 hora
809 1098 904 1124 conveni-

155 1131 202 1147 ente
218 1131 238 1146 et
255 1126 319 1159 magis
334 1125 440 1147 commoda
452 1123 485 1147 ad
493 1125 570 1147 missam
587 1126 707 1148 audiendam
722 1127 797 1149 sociiet
806 1128 903 1150 scholares

152 1157 281 1178 conveniant.

960 118 1003 151 ί’583
