1192 1583
232 131 506 152 ELIZABETHAE
525 131 583 153 AN.
603 132 670 153 XI1··
686 132 819 153 EDITA.
858 128 861 131 ⁴

254 220 286 240 De
292 204 431 248 praemntimfiu
440 221 533 241 viatorum
543 228 614 244 numero
624 221 678 249 qffi'cio
686 225 703 241 et
712 221 798 241 eIeHione.

399 276 418 296 C
427 277 430 280 ”
446 277 466 296 A
494 276 517 297 P.
559 276 676 297 xxxvm.

214 331 272 352 RES
282 334 342 351 erunt
351 336 452 359 praecones
462 330 495 352 seu
506 330 590 352 viatores
600 330 693 358 armigeri
703 330 745 359 pari
758 331 802 352 loco
811 335 832 352 et
846 338 893 353 mu-

221 368 267 382 nere
276 366 296 382 et
304 367 359 382 unus
369 360 468 382 inferioris
478 361 518 382 loci
532 362 626 382 bedellus.
651 362 735 382 illorum
746 368 792 383 vero
806 362 868 383 trium
879 362 894 383 sx

145 392 229 420 quando
239 398 314 413 munus
327 392 425 412 vacaverit
439 392 567 413 cancellarius
581 392 660 413 curabit
674 392 848 420 congregationem
863 399 895 413 re-

146 422 239 450 gentium
250 428 269 443 et
278 422 446 449 non-regentium
461 422 515 443 intra
525 422 615 443 triduum
626 422 728 448 injioram
743 429 819 444 nonam
828 422 892 444 subse-

146 453 228 481 quentis
236 453 275 474 diei
285 453 403 474 vocandam.
431 454 492 474 Tunc
506 453 634 474 cancellarius
648 457 669 473 et
679 457 815 481 procuratores
826 453 893 481 primo

117 503 120 506 .
146 485 181 505 sua
190 483 278 512 ipsorum
288 483 382 511 suffragia
390 483 462 511 scripta
475 483 540 504 ferent
549 483 620 504 deinde
633 488 751 504 caeterorum
765 484 893 512 prael‘entium

146 514 241 536 omnium
249 513 322 542 scripta
331 514 423 542 suffragia
433 513 540 542 accipient:
556 514 629 542 quibus
639 515 705 542 palam
716 519 736 535 et
744 512 848 542 separatim
859 521 894 542 per

145 545 241 567 seniorem
251 549 400 573 procuratorem
411 544 466 565 lec'tis
476 545 509 565 ille
519 552 584 573 praeco
594 545 745 566 renunciabitur
753 551 814 573 quem
829 545 894 572 major

145 583 192 604 pars
199 576 352 604 suffragantium
359 575 448 603 elegerit:
455 582 514 603 quem
519 576 647 596 cancellarius
653 576 783 603 jurejurando
788 575 892 597 astric'kum

146 608 170 628 ad
180 607 219 628 hoc
234 614 309 628 munus
324 606 423 627 admittet.
452 606 560 627 Pecuniam
575 611 643 627 autem
660 606 749 634 aliquam
763 605 893 627 aut'munus

146 638 228 665 aliquod
242 644 307 665 neque
326 637 455 658 cancellarius
469 643 534 665 neque
548 641 686 665 procuratores
704 644 771 665 neque
785 635 893 665 quissquam

145 668 196 689 aliua
211 669 323 695 regentium
337 672 357 689 et
371 667 537 695 non-regentium
551 674 588 688 nec
602 672 649 689 ante
662 667 779 689 elefiionem
797 674 834 689 nee
848 668 893 696 post

144 705 183 728 pro
192 698 286 726 suffragio
296 698 331 719 suo
340 699 370 719 vel
384 698 473 726 requirat
482 698 513 719 vel
527 699 618 719 oblatum
629 698 712 726 accipiat
726 698 757 719 sed
766 705 800 719 eos
814 699 839 719 ad
853 698 894 719 hu-

145 729 231 757 jusmodi
246 736 331 750 munera
346 728 387 750 sine
401 729 443 750 ulla
459 729 554 750 mercedis
568 729 706 757 expostatione
724 733 760 750 aut
778 728 894 757 acceptione

145 760 226 788 eligent.
254 761 282 781 Et
296 760 310 781 sl
327 760 372 788 quis
385 764 456 781 contra
470 759 538 780 fecerit
551 764 649 788 perpetuo
662 759 744 780 infamis
757 759 790 786 jus
804 758 893 787 suffragii

144 792 232 812 amittat.
260 792 288 812 Et
301 797 420 819 quanquam
434 791 534 811 volumus.
543 797 712 818 unumquemque
725 797 841 818 praeconum
858 795 894 811 aut

145 821 246 843 viatorum
255 822 281 843 fic
290 821 376 849 electum
386 825 406 842 et
413 821 518 842 admissum
528 821 553 842 ad
561 828 622 842 omne
631 826 711 849 tempus
718 821 765 842 vitae
773 821 812 842 suae
822 821 843 842 in
853 821 893 842 hoc

145 853 212 876 officio
230 858 347 881 permanere
363 851 501 880 nifi'infignis
518 852 586 880 aliqua
605 852 665 880 culpa
679 851 815 880 expulfionem
832 856 895 880 atque

144 885 262 912 ejectionem
270 883 358 911 requirat
367 890 409 911 quo
415 882 530 910 diligentius
539 887 607 904 tamen
617 882 639 903 in
649 882 716 903 officio
724 882 826 904 versentur
833 882 895 904 iidem

144 922 247 945 praecones
262 919 297 935 aut
311 913 396 935 viatores
411 914 456 942 post
470 913 542 934 festum
551 913 620 934 *sanffl
637 913 742 934 Michaelis
758 913 822 941 prima
838 913 893 934 illius

105 961 107 963 .
145 946 227 968 termini
241 944 396 973 congregatione
408 945 490 965 baculos
508 944 553 965 suos
567 944 685 965 cancellario
698 943 780 965 tradant
793 943 829 972 qui
845 950 894 965 cum

145 976 309 1006 procuratoribus
324 975 395 996 secrete
408 975 430 996 in
444 974 642 1003 quodam¹scrutinio
656 981 668 995 a
682 975 795 1002 regentibus
810 979 830 995 et
839 976 894 995 non·'

143 1007 260 1036 'regentibus
274 1011 350 1034 quaeret
359 1006 530 1034 quemadmodum
539 1005 670 1033 se‘gefferunt
684 1012 734 1026 num
745 1005 807 1026 seduli
815 1009 835 1026 et
846 1005 893 1026 dili—

143 1040 213 1068 ‘gentes
232 1037 343 1059 administri
366 1037 462 1059 fuerint.·
489 1036 532 1064 Q
553 1035 652 1057 fi<-sedulo
666 1041 686 1057 et
705 1036 787 1057 honeste
803 1035 894 1057 officium

143 1068 209 1096 suuml
226 1068 290 1091 seciss'e
310 1068 456 1096 iudicabuntur
478 1066 615 1088 cancellar-ius·
626 1067 665 1088 illis
682 1067 764 1088 baculos
787 1067 854 1088 reddet
866 1071 894 1089 et

143 1101 226 1123 illorum
240 1098 375 1127 integritatem
390 1105 413 1120 ac
426 1098 551 1126 dilIgentiam
567 1097 657 1119 laudabit
673 1103 693 1119 et
707 1097 829 1119 adsimilem
842 1098 894 1118 dili-

143 1131 234 1160 gentiam
257 1135 277 1151 et
299 1129 435 1157 integritatem
458 1128 597 1150 hortabitur-J*
613 1128 649 1149 At·
660 1128 674 1149 si
693 1128 742 1156 quid
757 1129 783 1149 ab
801 1127 841 1149 illis
858 1127 894 1156 per

141 1161 288 1190 ¹negligentiam
302 1160 407 1181 admissum
422 1159 479 1181 fuiffe
495 1158 602 1187 quisquam
616 1159 758 1186 magistrorum
772 1159 894 1187 conquestus

142 1193 206 1215 ruerit
219 1196 255 1213 aut
268 1191 283 1212 fi
296 1198 339 1212 non
354 1190 418 1212 fecisse
431 1189 520 1211 offitiu‘ni
530 1189 591 1211 suum
599 1197 618 1211 ·a
631 1196 735 1218 quoquam
751 1189 894 1217 magistrorum

143 1224 220 1245 artium
227 1221 364 1250 conquestum:
368 1221 430 1242 fuerit
439 1215 556 1242 cahceuaiio
564 1220 746 1242 tum'cancellariux
756 1227 790 1241 eos
796 1221 893 1242 admone:

144 1254 175 1276 bit
184 1254 214 1274 sui
223 1253 312 1274 muneris
321 1253 362 1274 'aut
371 1252 432 1273 'aliter
446 1259 484 1280 pro
497 1250 773 1279 rationevcuspae‘eastigabit'
779 1256 894 1279 atquecor-

144 1285 202 1313 riget.
231 1284 266 1305 Sin
285 1290 332 1304 vero
345 1289 468 1311 quocunque
482 1286 572 1310 tempore
590 1281 696 1310 quisquam
712 1281 795 1302 illorum
810 1280 893 1309 inligni'ss

145 1321 177 1338 ter
185 1315 287 1343 negligens
298 1314 388 1336 adversus
402 1313 542 1335 cancellarium
557 1312 736 1341 procaneellarium
750 1316 786 1333 aut
797 1319 894 1341 procura-

145 1352 198 1369 tores
208 1346 269 1367 fuerit
279 1349 299 1367 et
303 1345 352 1374 post
361 1345 443 1366 alteram
453 1348 473 1365 et
486 1344 567 1365 tertiam
581 1343 740 1365 admonitionem
749 1343 848 1371 corrigere
857 1343 895 1364 {ese

144 1389 147 1392 ‹
492 1375 501 1396 1
510 1375 518 1396 i
806 1374 895 1394 noluerit

938 140 979 161 249
