1192 1583
213 121 251 144 ¹28
420 119 907 146 .STATUTAA·NT1QUA.

290 169 313 190 in
330 175 402 190 manus
422 172 578 196 procuratorum
598 167 686 195 singulos
706 166 742 194 qui
762 167 854 194 deinceps
872 166 1006 188 admittentur
1020 167 1046 189 in

290 199 398 227 theologia:
408 199 582 220 baccalaureorum
592 198 684 219 ordinem
693 196 791 225 deponere
800 198 895 219 volumus
904 206 909 218 :
921 198 1046 225 praestituet-

290 238 330 259 que
336 230 503 259 procancellarius
511 235 561 258 quot
569 229 674 250 conciones
685 228 725 256 ipse
733 228 818 249 voluerit
827 234 846 249 et
855 229 929 256 quibus
939 229 1008 250 diebus
1017 229 1046 251 fic

291 266 360 283 tamen
379 265 402 282 ut
422 268 448 282 ne
464 261 531 289 plures
548 266 637 288 quatuor
657 259 774 288 praedistam
792 259 881 287 pecuniae
898 259 997 281 summam
1017 261 1046 282 ab

291 291 393 313 academia
406 291 487 320 capiant
500 296 521 312 et
531 291 560 312 illi
575 295 611 312 aut
624 290 685 319 primi
699 290 775 319 quique
786 290 908 311 baccalaurei
922 295 942 311 et
957 291 1045 312 seniores

292 327 329 344 aut
345 329 398 351 quos
414 322 581 351 procancellarius
596 322 652 350 quasi
670 321 756 342 maxime
770 321 853 342 idoneos
876 321 901 342 ad
919 321 959 343 hoc
978 322 1045 350 defig-

290 354 375 375 naverit.

765 392 800 408 Lib.
808 392 887 413 proc-jun.
894 392 921 408 fel.
930 397 963 409 ιοι.

481 449 582 470 Decretum
591 449 613 470 de
621 442 732 476 restituen‘dis
741 448 861 470 taxatoribus.

225 514 235 529 9
242 508 276 524 oet.
359 505 511 526 ERISSIME
525 504 607 532 quidem
617 503 696 525 distum·
705 504 733 525 est
741 510 807 532 neque
817 504 895 525 bonum
909 508 993 525 nautam
1007 512 1045 526 ne-

226 528 271 548 '¹⁵⁴⁶'
366 542 407 563 que
416 535 547 563 legissatorem
556 534 664 563 sapientem
674 536 760 556 eundem
770 539 790 556 et
800 540 920 563 perpetuum
934 542 957 556 ac
967 536 1045 564 semper

291 566 322 588 sui
332 565 415 587 fimilem
425 566 505 587 cursum
519 565 573 594 sequi
588 565 620 586 sed
628 565 661 586 ille
673 573 721 587 curn
736 573 790 587 mare
804 566 893 587 minetur
906 566 1015 594 procellam
1024 572 1045 588 et

293 597 401 618 imminens
411 597 516 625 tempestas
525 596 543 617 se
552 596 624 624 procul
633 596 734 617 ostendere
747 596 807 624 eoepit
816 597 859 617 vela
873 597 975 618 contrahit
988 597 1045 625 cogit

294 628 316 649 in
327 628 436 655 angustum
442 632 514 648 nautas
521 632 542 648 et
551 634 584 648 eos
592 634 652 648 onere
661 631 680 648 et
689 627 756 648 labore
766 627 840 655 premit
848 627 959 655 faciemque
970 628 1044 656 malig-

294 659 317 679 ni
327 665 350 679 ac
359 658 404 679 duri
413 658 492 679 domini
502 657 581 686 praefert
589 666 595 678 ι
610 658 663 679 idem
677 658 714 678 ubi
724 657 795 679 sudum
805 658 833 679 est
843 663 863 679 et
873 658 950 686 placida
960 656 1045 687 naviga-

295 689 325 710 tio
342 690 417 710 relaxat
434 689 477 710 vela
493 688 578 710 remittit
600 689 677 709 labores
691 689 756 709 laudis
773 693 809 709 aut
826 689 920 710 mercedis
939 690 1045 717 prsemiolo

295 720 402 748 benignius
411 719 484 740 invitat
495 720 552 740 suos:
567 726 603 740 nec
615 719 732 740 diffimilitet·
746 720 796 740 bene
810 720 921 747 gubernata
935 720 1046 748 respublica

295 750 420 779 temporibus
430 750 501 779 asperis
512 755 573 778 atque
582 750 696 771 difficilibus
705 749 785 777 gravius
799 757 949 778 nonuunquam
960 756 979 771 et
989 758 1046 772 acer-

295 782 341 802 bius
351 781 389 802 suis
400 781 486 809 imperat
495 785 531 801 aut
540 787 610 809 operas
624 781 649 801 ab
659 781 682 802 iis
697 781 758 808 gratis
772 780 834 809 exigit
844 786 879 802 aut
893 781 994 803 tributum
1005 782 1046 803 irn-

295 813 354 840 ponit
364 816 400 833 aut
414 812 481 832 saltem
496 811 594 839 impensos
609 812 686 832 labores
701 819 743 833 non
757 812 823 840 dignis
838 812 964 840 prosequitur
978 819 1045 841 operae

295 842 371 871 pretiis.
391 843 455 869 Cujus
466 842 548 870 quidem
558 842 584 863 rei
595 847 615 863 et
625 849 662 863 nos
672 849 754 871 quoque
764 843 785 864 in
793 843 860 864 nostra
869 843 970 871 republica
979 844 1046 872 quod-

295 875 343 895 dam
353 873 451 902 specimen
461 878 481 894 et
490 873 650 901 experimentum
665 880 729 901 nuper
738 873 832 895 sensimus
847 881 892 902 quae
901 874 987 902 graviter
995 882 1046 896 con-

297 904 350 925 cufl‘a
359 903 508 932 tempestatibus
518 904 613 925 exhausta
622 911 642 925 re
652 904 743 932 vefflgali
754 911 776 925 ac
790 905 861 926 :erario
870 912 932 933 prope
940 904 984 926 u'no
993 910 1045 926 tem-

296 942 344 963 pore
353 935 447 956 destituta
457 942 491 963 per
498 935 587 962 inopiam
595 935 665 956 coae'ta
670 935 697 956 est
705 942 749 956 non
757 935 821 956 solum
830 942 895 957 unum
906 936 1047 964 magistratum

297 966 419 988 taxatorium
430 966 465 986 fibi
476 965 554 993 prorsus
569 965 652 986 adimite
662 973 730 987 verum
742 965 802 987 etiam
813 966 975 994 procuratorium
986 967 1047 988 couee

297 997 354 1024 giurn
364 997 420 1024 gravi
429 1003 489 1017 onere
498 1003 586 1024 premere
597 996 675 1017 summa
684 997 780 1018 nimirum
788 1004 843 1018 xvnr
854 996 951 1018 librarum
957 1003 1047 1025 quotan-

298 1028 330 1048 nis
346 1027 438 1048 solvenda
453 1032 472 1048 et
487 1027 530 1048 haec
546 1027 670 1055 temporibus
687 1027 814 1056 iniquissimis
830 1027 930 1049 necessitas
949 1028 1048 1056 expreffit.

298 1059 375 1079 Eadem
395 1065 450 1079 nunc
472 1058 622 1079 fecundioribus
644 1058 677 1079 usa
695 1059 754 1080 rebus
776 1058 867 1080 restituta
889 1059 964 1087 partim
981 1059 1047 1080 nitore

299 1089 383 1117 pristino
401 1094 421 1110 et
436 1089 556 1117 quibusdam
570 1089 700 1116 'veffigalibus
715 1089 834 1117 recuperatis
848 1090 915 1118 priora
928 1089 962 1110 sua
975 1090 1047 1112 decora

299 1120 399 1148 requirere
409 1120 487 1141 videtur
496 1124 521 1141 ut
530 1124 549 1140 et
558 1120 630 1141 vetusti
644 1120 770 1147 magistratus
780 1121 889 1141 reddantur
897 1125 917 1141 et
927 1121 960 1141 alii
970 1121 1047 1141 nonni-

299 1151 328 1171 hil
338 1155 477 1172 exonerentur.
506 1151 608 1178 roirca
617 1150 688 1172 eisdem
697 1151 778 1179 quidem
788 1151 907 1172 authoribus
918 1151 954 1179 qui
963 1151 1048 1179 abroga-

300 1187 349 1202 runt
358 1186 405 1202 ante
415 1186 513 1202 taxatores
527 1186 678 1209 oneraruntque
688 1186 825 1210 procuratores
836 1186 856 1203 et
870 1182 914 1203 illos
929 1182 1047 1203 resumimus

299 1217 319 1233 et
329 1213 365 1233 hos
374 1212 470 1233 levamus.

306 1256 309 1258 >
329 1243 396 1263 Placet
406 1243 473 1271 itaque
483 1243 596 1270 regentibus
607 1247 626 1264 et
641 1243 809 1271 non-regentibus
824 1243 918 1264 univerfis
929 1248 953 1264 ut
967 1244 1048 1271 posthac

301 1278 400 1294 taxatores
408 1281 432 1294 eo
441 1274 484 1300 jure
492 1274 553 1302 atq'ue
563 1274 631 1295 ordine
641 1281 682 1302 quo
692 1274 747 1302 prius
757 1278 850 1295 creentur
859 1279 879 1295 et
890 1275 915 1295 ad
924 1274 994 1295 omnia
1003 1281 1048 1302 quae

300 1304 376 1332 priores
386 1308 484 1326 taxatores
495 1312 563 1333 capere
573 1305 616 1332 jure
624 1310 718 1333 poterant
727 1306 863 1326 emolumenta
873 1305 1049 1333 procuratoresque

300 1334 336 1365 qui
346 1335 428 1363 posthac
436 1335 593 1364 defignabuntur
603 1343 614 1357 a
628 1336 721 1357 solvendo
730 1336 841 1357 seneschalli
851 1336 960 1357 honorario
970 1336 1008 1357 hoc
1022 1335 1049 1356 est

759 1374 762 1378 ¹
948 1371 1050 1396 quaternis
