1192 1583
284 127 504 149 STATUTA
532 127 759 154 ANTIQUA.

373 209 508 239 Jusjurandum
517 209 604 237 custodum
612 209 666 235 cistae.

177 266 294 288 URABIS
309 265 365 293 quod
374 264 440 293 engee
455 265 560 293 pecuniam
571 269 612 287 tuae
626 265 678 287 cistae
687 265 776 287 debitam
785 272 797 288 ι
806 272 893 294 procan-

183 297 264 318 cellario
273 303 321 318 cum
331 296 373 317 'dies
382 296 467 318 venerit:
483 301 503 317 et
512 296 527 317 sl
537 303 579 317 non
587 296 648 317 fuerit
658 296 757 324 persoluta
768 301 858 325 tempore
869 297 892 319 in

138 328 216 349 statuto
225 328 249 349 de
258 327 311 350 cistis
320 327 430 348 reficiendis
440 327 541 355 praefinito
555 332 590 348 aut
601 327 669 348 saltem
683 332 792 355 antequam
802 335 815 350 a
823 328 890 351 custo-

138 359 173 380 dia
185 358 239 379 cistae
252 358 333 379 decedas
348 358 403 386 quod
418 358 484 386 palam
499 358 626 386 conquereris
640 359 664 379 de
677 358 713 379 ista
725 365 745 379 re
760 358 781 379 in
799 359 893 387 proxima

138 389 294 417 congregatione
309 389 421 416 regentium
437 393 457 409 et
474 388 641 416 non-regentium
661 389 686 409 ad
700 396 770 410 omnes
786 390 891 417 magistros

139 425 159 442 et
168 420 260 441 doc-‘tores
270 419 298 441 ibi
308 418 419 448 praesentes.

168 451 231 479 Qiod
241 450 468 478 quidemetcustodum
478 450 558 471 interest
572 450 637 471 facere
651 450 726 478 quippe
735 457 787 478 quos
797 458 840 472 non
849 451 890 472 alio

138 483 200 503 modo
209 481 288 502 liberari
296 486 332 502 aut
339 489 409 507 αποχην
418 482 443 502 ab
453 481 577 502 auditoribus
587 481 675 509 accipere
680 481 802 502 decrevimus
810 482 847 502 nisi
855 487 891 503 aut

139 513 199 534 austa
208 512 261 534 cistoe
268 512 309 534 sors
319 512 380 533 fuerit
388 516 424 533 aut
431 519 465 533 eos
475 512 523 534 huic
531 512 661 539 jurejurando
670 512 780 541 satisfecisse
790 518 891 541 appareat.

616 553 651 569 Lib.
658 553 736 573 promia-⁴
743 553 770 569 fol.
779 558 813 570 ιοι.

405 609 438 630 De
446 607 525 629 refloria
535 608 632 629 Burwelh'.

204 664 348 686 ECREVIT
362 663 432 685 eodem
446 670 529 691 quoque
541 667 631 691 tempore
646 663 682 690 (ιι
690 663 777 691 januarii
788 664 852 692 1545)
861 664 890 686 se-

218 699 278 716 natus
301 694 404 715 universus
418 694 531 721 regentium
544 698 565 715 et
579 701 632 715 non·
623 694 746 722 -regentium
760 700 784 716 ut
798 695 891 723 quinque

138 725 249 754 quotannis
258 726 284 747 ad
293 725 403 747 minimum
417 725 523 746 conciones
537 724 600 746 fiant:
614 732 702 753 quarum
715 730 805 753 quatuor
818 733 831 746 ει
845 726 889 747 the-

138 757 210 784 ologiae
219 755 353 778 baccalaureis
362 756 445 783 singulis
456 755 573 788 sepmtim'
568 763 590 777 in
598 756 676 777 diversis
686 756 735 778 anni
742 756 890 784 quadrantibus

137 795 201 810 unam
211 794 258 809 vero
267 795 279 809 a
288 786 460 816 procancellario
455 794 477 808 ιιι
483 784 637 815 quadragefima
650 786 716 809 media
729 787 761 808 vel
774 787 807 809 die
821 787 889 816 paras-

137 825 192 840 ceves
201 819 306 840 habentur.
330 819 357 840 Et
367 818 443 839 caeteris
452 818 484 839 his
493 822 582 846 quatuor
592 818 769 840 concionatoribus
783 819 808 840 ad
818 818 889 846 sump-

137 854 169 871 tus
180 849 226 871 suos
236 849 327 871 ferendos
342 847 379 870 xx*
389 856 401 870 a
412 849 574 877 procuratoribus
589 855 722 870 numerentur
731 849 890 877 procancellario

137 882 170 901 111¹
190 879 228 902 1v‘.
263 879 432 902 Procancellarius
451 887 493 907 quo
510 880 542 900 die
558 879 713 902 concionabitur
726 879 755 901 ibi
769 880 820 901 sarta
834 880 888 902 tecta

136 911 230 933 omnium
239 910 313 932 aedium
323 917 368 938 quae
377 911 402 932 ad
412 910 533 932 academiam
542 910 644 938 pertinent
655 910 761 939 diligenter
774 910 888 932 intuebitur

135 946 155 963 et
163 942 178 963 fi
188 942 238 970 quid
247 941 376 963 reficiendum
386 941 452 964 videat
460 941 482 962 in
491 941 625 969 syngrapham
634 941 728 963 serratam
741 948 804 969 quam
814 941 888 963 inden-

135 977 199 994 taram
209 976 283 994 vocant
292 972 361 993 scribet
371 971 428 999 cujus
439 972 522 993 alteram
530 977 608 1000 partem
618 972 672 1000 apud
681 973 778 993 colonum
786 972 888 1000 relinquet

135 1004 218 1025 alteram
227 1003 268 1031 ipse
277 1003 343 1024 secum
353 1003 439 1024 adducet
448 1003 534 1024 maxime
547 1003 562 1024 li
571 1003 671 1030 intelligat
685 1003 814 1024 admonitum
828 1003 887 1025 fuisse

134 1034 201 1063 priore
215 1041 271 1056 anno
284 1034 380 1055 colonum
389 1038 410 1055 et
424 1033 476 1055 sarta
484 1034 537 1056 tecta
551 1041 594 1056 non
608 1034 668 1055 fasta.
698 1034 820 1056 Oeconomis
830 1041 885 1062 quo-

134 1072 172 1093 que
182 1065 320 1087 Burwellenfis
334 1064 417 1087 ecclesie
427 1072 478 1093 quos
488 1065 572 1087 :edituos
586 1070 623 1086 aut
636 1065 742 1093 gordianos
751 1069 825 1087 vocant
835 1066 885 1086 xm·

134 1095 163 1117 v1¹
172 1096 226 1117 inter
235 1103 332 1124 pauperet
342 1095 482 1117 Buiwellenses
497 1096 643 1117 distribuendos
657 1096 713 1117 dabit
726 1096 845 1124 curabitque
860 1100 885 1117 ut

133 1131 243 1155 antequam
260 1126 301 1155 ipse
316 1126 363 1147 inde
377 1125 463 1147 discedat
478 1126 629 1148 distribuantur.
665 1128 691 1148 Et
706 1134 826 1155 qumquam
840 1134 885 1148 non.

134 1163 231 1186 putamus
247 1157 291 1179 fore
307 1162 331 1178 ut
346 1157 480 1178 concionandi
498 1157 588 1178 laborem
607 1157 670 1178 nostri
685 1158 775 1186 theologi
789 1164 884 1185 unquam

133 1189 236 1216 refugiant
245 1188 360 1216 ingratique
373 1188 426 1210 fint'
422 1195 443 1209 in
457 1188 507 1209 illud
517 1187 616 1216 oppidum
626 1189 681 1216 quod
695 1195 790 1216 mag-narn
804 1193 884 1216 panem

131 1219 251 1247 sumptuum
262 1219 367 1240 academiae
376 1218 478 1240 sustinebit
488 1223 556 1240 tamen
569 1226 594 1240 ne
608 1223 628 1240 et
641 1219 726 1247 ignaviae
739 1224 760 1240 et
773 1218 883 1247 ingratitu-

131 1250 175 1271 diui
184 1257 227 1272 non
236 1250 364 1278 prospectum
373 1249 464 1271 videatur
474 1250 580 1271 statuimus
595 1257 621 1271 ne
634 1250 773 1278 quis'posthac
787 1249 883 1271 admitta-

131 1285 165 1302 tur
174 1281 199 1302 ad
208 1281 295 1309 gradum
304 1281 464 1302 baccalaureatus
474 1280 496 1301 in
505 1280 607 1308 theologia
617 1281 653 1301 nisi
661 1281 714 1307 juret
724 1280 742 1302 se
752 1281 883 1302 obediturum

131 1311 288 1340 procaneeuario
301 1311 316 1333 fi
330 1312 356 1333 ab
372 1311 409 1333 illo
422 1311 516 1338 iubeatur
529 1311 644 1333 concionari
659 1312 763 1333 Burwellae
777 1313 838 1334 modo
855 1319 883 1334 ne

130 1343 176 1371 plus
187 1343 246 1365 semel
255 1350 299 1365 uuo
308 1350 363 1365 anno
374 1342 490 1365 concionari
502 1347 586 1371 cogatur
595 1342 708 1372 pignusque
717 1343 776 1372 fupet
783 1344 821 1365 hac
831 1350 852 1365 re
859 1344 883 1378 y·

859 1381 882 1395 m

937 137 976 159 ¹²7

912 679 958 708 ¹545:
