1192 1583
214 133 254 163 238

457 130 678 152 STATUTA
705 129 937 151 REGIN'AE'

295 179 369 208 scripta
379 178 437 200 omni
453 178 578 200 excusatione
590 177 679 207 seposita.
702 178 723 200 Si
737 178 783 207 quis
797 182 866 200 tamen
880 184 918 206 pro
932 178 997 207 gradu
1011 177 1048 200 suo
1078 171 1081 174 ⁴

296 211 345 232 velit
355 210 471 238 respondere
480 215 516 231 aut
525 209 566 230 alio
578 209 611 230 die
620 209 736 238 respondeat
751 214 787 230 aut
799 209 862 231 vicem
877 213 990 231 commutet
999 210 1048 231 cum

297 248 323 262 eo
333 241 369 269 qui
376 241 511 269 responderet:
527 240 555 261 ita
565 245 588 261 ut
596 240 690 269 proximo
700 240 732 261 die
738 240 788 267 jovis
796 240 910 268 disputabili
920 240 937 261 is
946 240 983 268 qui
991 240 1047 269 prius

298 272 425 300 respondisset
435 272 503 292 locum
517 276 537 292 et
547 272 630 292 cursum·
642 276 734 299 occupet.
763 271 847 292 Bedellis
861 278 908 292 vero
922 271 1001 292 solitam
1009 278 1048 299 pro

297 303 381 331 lingulis
391 302 561 330 disputationibus
575 302 680 323 collefi'tam
694 302 821 323 reservamus.
851 302 884 322 Ab
895 301 939 322 aliis
953 302 1048 323 oneribus
1073 324 1076 326 ,

298 334 437 362 respondentes
453 333 573 354 absolvimus
589 332 626 354 nisi
635 340 672 361 pro
685 333 749 361 gradu
763 332 894 361 respondeant
907 339 950 360 quo
960 337 1049 361 tempore

298 364 376 386 eosdem
385 365 410 385 ad
420 363 511 384 ordinem
521 368 541 384 et
555 364 630 384 statuta
641 364 772 391 collegiorum
782 363 804 385 in
818 363 893 391 quibus
907 363 983 390 degunt
998 363 1049 384 refe-

298 396 370 417 rimus.
395 396 458 421 Qod
472 395 487 415 fi
496 394 603 422 quisquam
616 399 698 423 propter
712 395 801 423 aliquam
815 394 894 416 causam
909 394 1049 416 rationebilem

297 433 334 455 per
344 425 485 447 cancellarium
495 425 573 453 regium
583 425 725 453 profefforem'
721 433 743 446 in
753 425 854 454 theologia
867 430 888 446 et
898 425 1016 453 magistrum
1026 432 1049 447 ac

297 457 395 484 majorem
415 461 493 485 partem
510 456 609 477 sociorum
631 456 709 484 collegii
726 456 755 477 sui
770 457 922 484 approbandam
941 456 1050 477 mutaverit

297 488 379 509 cursum
390 487 449 508 suum
459 487 511 508 idem
521 492 589 508 tamen
599 487 687 508 astetur
697 487 722 508 ad
736 482 816 509 cursum
831 488 890 508 suum
899 487 1032 508 servandum·
1028 495 1050 508 in

297 518 381 547 propria
391 518 425 539 sua
435 517 517 546 persona
527 518 610 539 cessante
624 518 740 544 hujusmodi
749 518 807 539 causa
821 518 911 539 similiter
920 518 1050 546 approbanda

297 550 368 570 eodem
379 549 467 570 termino
480 553 516 570 aut
530 555 623 577 proximo
638 549 673 570 sub
688 556 747 577 poena
761 549 863 577 praedi&a.
888 549 950 576 Qod
964 549 979 570 fi
989 548 1050 570 festus

292 580 340 604 ,dies
360 579 487 601 intercefferit
504 579 597 608 proximo
613 579 645 600 die
660 579 710 606 jovis
725 579 840 608 disputabili
856 580 926 601 eadem
941 579 1049 608 disputatio

298 611 431 639 compleatur.
455 610 488 631 Ad
501 615 615 631 extremum
630 610 736 631 statuimus
750 611 807 639 quod
821 610 986 639 haec‘disputatio
1002 617 1049 639 pro-

299 641 401 670 gredietur
415 646 435 662 et
447 640 549 662 descendet
558 641 597 661 hoc
610 641 680 662 ordine
689 641 714 662 de
727 642 814 662 termino
830 641 852 662 in
866 641 976 663 terminum
990 647 1010 662 et
1026 642 1050 662 de

299 679 355 693 anno
365 672 387 693 in
398 678 476 693 annum
486 672 549 692 donee
559 679 630 692 omnes
640 672 676 699 qui
686 672 724 693 hoc
735 672 809 693 statuto
820 672 960 700 astringuntur
970 671 1050 700 respon-

300 703 368 724 deant.
397 704 458 723 Tune
471 709 517 724 vero
530 702 604 724 iterum
614 703 657 724 haec
669 702 778 731 disputatio
787 702 870 731 incipiat
883 710 895 724 a
907 702 1016 724 senioribus
1028 708 1053 724 ut

300 734 360 763 supra
369 733 485 755 institutum
494 733 522 755 est
532 738 551 754 et
562 733 587 754 fic
596 733 737 762 progrediatur
745 734 770 755 de
779 738 869 762 tempore
878 733 901 755 in
910 738 998 762 tempus.

315 809 348 830 De
356 807 418 829 ordine
427 815 460 836 quo
462 807 537 835 singula
546 808 620 835 collegia
629 812 730 836 oppanentes
738 813 756 829 et
765 808 1034 837 dtsputatortssttppeditabunt.

554 862 572 883 C
601 863 620 883 Α
648 863 672 883 Ρ.
709 863 796 885 XXVII.

301 916 372 938 Primo
421 915 535 943 Collegium
561 916 650 945 Regium
702 917 749 939 Post
816 917 931 945 Collegium
955 917 1051 945 Reginale

450 953 523 968 unum.
601 969 603 971 ,
838 948 974 970 Pembrochiae
981 953 1002 969 et
1011 949 1051 969 Ca-

301 995 381 1016 Deinde
422 994 536 1022 eouegium
543 994 651 1016 Trinitatis
838 979 922 1000 'hesim
932 986 1005 1001 unum·

452 1032 526 1047 unum.

302 1073 350 1095 1²0st
423 1072 538 1101 Collegium
556 1072 597 1094 divi
615 1074 652 1101 Jo-
839 1071 879 1092 vile
889 1076 909 1093 et
918 1071 963 1093 Caii
973 1073 1051 1100 Corpo-

457 1104 530 1125 hannis
538 1111 612 1125 unum.
840 1102 867 1123 ris
877 1102 952 1124 Clu-isti
960 1107 981 1124 et
987 1103 1051 1124 Clarae

303 1152 352 1174 1²0st
425 1152 539 1180 Collegium
579 1151 654 1173 emisti
841 1140 913 1155 unum·

454 1182 509 1204 Petri
514 1187 535 1204 et
541 1183 658 1216 Madalenae·

456 1220 529 1235 unum.

304 1276 376 1299 Altero
393 1275 425 1297 die
440 1275 548 1304 collegium
565 1275 673 1297 Trinitatis
690 1275 793 1298 inchoabit
808 1280 828 1298 et
845 1277 874 1298 ita
891 1276 967 1299 circulo
987 1278 1054 1306 quoad

305 1307 401 1335 quodque
414 1306 521 1334 collegium
531 1307 621 1335 primum
632 1307 656 1328 fit
664 1311 684 1328 et
693 1307 824 1339 postremum.
853 1308 941 1336 Singulis
955 1315 1002 1330 vero
1015 1309 1054 1330 dis·
1073 1314 1075 1316 ·

303 1337 445 1366 putationibus
459 1341 499 1359 tres
515 1338 541 1359 ab
551 1337 582 1359 his
596 1338 684 1366 collegiis
698 1343 734 1360 aut
744 1338 876 1367 collegiorum
890 1339 1054 1368 copulationibus

927 1370 1054 1399 replicatores

703 1040 806 1062 Postremo
819 1040 934 1069 Collegium
940 1040 986 1068 Jesu
992 1042 1051 1062 Gon·
1081 1048 1083 1050 ·
