1192 1583
324 141 550 163 EDWARDI
579 142 725 163 SEXTI.

187 264 435 293 INJUNCTIONES
451 272 467 287 Α
481 265 732 287 VISITATORIBUS
747 265 861 286 FACTAE.

201 342 251 363 UM
264 341 316 363 nihil
328 341 392 370 magis
406 341 492 370 gloriam
502 341 541 363 Dei
555 342 640 363 illustret
653 346 674 363 et
683 342 787 364 veritatem
797 341 899 370 religionis

211 372 312 394 conservet
326 379 389 401 quam
403 373 507 394 literarum
521 372 586 394 studia
595 372 648 394 reete
661 377 682 394 et
692 373 779 395 modeste
788 373 899 395 constituta

140 408 164 425 et
175 410 258 425 morum
272 408 334 431 atque
347 403 456 425 honestatis
469 404 537 425 cultus
551 403 693 425 convenienter
702 408 722 425 et
736 404 806 429 decore
816 404 898 425 habitus

142 439 165 455 et
173 434 291 463 linguarum
300 434 390 462 cognitio
400 434 423 456 in
432 434 526 456 omnium
535 434 609 456 animis
619 439 680 462 atque
690 434 775 463 ingeniis
785 435 857 456 diffusa
866 435 898 456 id-

143 465 200 487 circo
216 472 254 486 nos
269 465 361 487 Thomas
379 465 463 487 Eiicnfls
479 469 500 486 et
519 465 632 487 Nicholaus
653 464 752 487 Roffenfis
771 465 898 487 miseratione

142 496 214 517 divina
222 495 309 524 episcopi
318 496 408 524 Joannes
418 496 497 517 Cheeke
511 495 647 517 adolescentiae
657 496 829 524 regiae.institutor
837 496 899 518 Guli-

143 527 210 548 elmus
221 528 270 555 Mey
279 526 348 555 legum
357 527 428 549 dolini·
436 532 458 548 ct
466 527 580 556 supplicum
588 526 704 548 libellorum
711 527 804 555 magister
813 532 833 549 et
839 527 899 548 Tho-

144 565 189 579 mas
198 558 287 579 Wendie
300 558 366 586 regius
379 558 469 579 medicus
483 563 503 579 et
517 558 621 579 medicinae
634 557 706 579 decior-
720 558 827 586 majestatis
841 558 900 586 regiae

144 588 275 610 commissarii
290 590 391 617 generales
405 589 430 610 ad
444 588 562 610 vifimndam
576 588 761 617 cantabrigiensem
777 589 900 611 academiam
915 609 919 614 ,

145 619 238 648 deputati
247 620 272 641 ad
281 620 383 648 religionis
393 626 474 641 morum
484 623 505 641 et
512 619 618 641 literarum
628 619 806 648 amplificationem
816 620 871 641 has
866 627 899 641 m-

145 650 261 678 iunffiones
271 651 345 679 partim
355 651 379 672 ad
389 651 453 672 totius
468 650 574 672 academia
584 650 658 678 partim
667 651 692 672 ad
702 650 828 678 fingulorum
838 651 899 672 colle-

145 681 228 711 giorum
238 682 341 703 meliorem
350 681 518 710 gubemationem
532 681 645 702 sanciendas
654 685 675 702 et
684 681 709 702 ab
722 681 818 703 omnibus
829 688 900 710 perpe-

145 717 185 734 tuo
193 712 297 734 servandas
305 712 407 734 duximus.

175 745 226 765 Dat.
239 743 374 772 Cantabrigiae
388 743 475 765 secundo
484 742 529 771 julii
543 749 598 764 anno
607 742 664 771 regni
678 743 729 771 regis
743 743 837 765 Edwardi
851 743 900 764 sexti

145 774 208 797 tertio
220 782 228 796 r
232 781 280 803 549.

177 837 256 866 Singuli
273 841 363 865 regentes
378 841 399 858 et
412 840 555 865 non-regentes
574 843 586 858 a
600 836 755 864 congregatione
776 836 844 865 aliqua
858 836 899 857 fine

147 868 207 891 venia
216 876 229 889 a
238 867 394 897 procanceilario
403 867 510 897 impetrata
519 867 639 890 discedentes
649 866 690 888 xn‘
698 867 831 889 mulstentur.

153 922 155 924 ‚
176 932 201 952 In
210 930 311 954 ,omnibus
321 930 455 958 congreffibus
464 929 633 957 disputationibus
643 934 663 950 et
672 928 804 950 concionibus
814 928 900 956 publicis

147 961 253 982 inferiores
263 962 337 989 gradus
346 960 480 989 superioribus
490 960 533 981 loca
543 960 615 981 cedant
621 964 641 980 et
650 960 686 988 qui
696 959 749 981 infra
760 959 902 987 magistrorum

148 992 224 1014 amium
234 992 320 1020 gradum
329 992 376 1014 sunt
383 996 454 1020 aperto
463 991 528 1019 capite
537 991 608 1012 astent.

178 1054 257 1083 Singuli
265 1054 327 1076 etiam
337 1058 426 1082 regentes
436 1058 456 1075 et
466 1057 609 1081 non-regentes
618 1052 655 1081 qui
669 1052 691 1074 in
705 1052 806 1074 academia
815 1052 902 1074 maxime

148 1089 303 1107 commorantur
312 1089 332 1106 et
341 1085 395 1106 intra
404 1084 505 1106 ambitum
514 1084 620 1105 academiae
630 1084 677 1105 sunt
690 1089 710 1105 et
721 1084 788 1105 vocati
798 1084 823 1105 ab
833 1083 902 1111 aliqua

148 1116 305 1144 congregatione
314 1115 386 1137 absunt
396 1116 420 1136 11¹
429 1115 553 1136 mulaentur
566 1115 625 1142 cujus
639 1115 722 1136 mulctae
732 1114 840 1136 dimidium
850 1114 902 1135 inter

148 1147 330 1175 procancellarium
339 1150 359 1167 et
368 1150 508 1175 procuratores
516 1145 621 1174 aequaliter
634 1145 735 1168 dividatur
747 1145 855 1167 dimidium
864 1151 902 1166 au-

150 1182 192 1199 tern
202 1177 309 1199 academiae
318 1177 431 1206 affignetur.

179 1242 209 1262 Ut
219 1240 320 1262 sententiae
330 1246 401 1261 omnes
410 1240 432 1261 in
446 1239 607 1261 scholasticorum
620 1238 682 1260 causis
696 1238 806 1260 trac‘hndis
820 1238 858 1259 five
869 1238 902 1259 in-

151 1271 286 1294 terlocutoriae
295 1271 333 1292 five
342 1270 450 1292 definitivae
464 1277 476 1292 a
488 1269 644 1299 procancellario
658 1269 697 1290 swe
710 1269 843 1290 commiss'ario
857 1269 903 1291 latae

150 1303 203 1325 clare
211 1306 321 1324 cernantur
329 1302 434 1330 registrum
444 1301 468 1323 fit
482 1301 504 1323 in
518 1307 560 1330 quo
570 1300 602 1322 hae
611 1300 713 1322 sententiae
722 1301 767 1322 iatae
776 1300 904 1322 conscriban-

150 1339 192 1355 tur.

507 1396 527 1417 X
716 1415 718 1418 ,
841 1393 905 1414 Nulla

937 138 982 169 ⁴1'62
