1192 1583
199 120 226 141 80

418 117 639 140 STATUTA
666 117 893 146 ANTIQUA.

278 166 394 194 hujusmodi
403 165 492 188 officium
507 166 627 195 praedicandi
641 166 715 193 iudicio
724 166 857 188 universitatis
867 167 960 189 decenter
973 175 1030 191 com-

278 202 345 227 petere
354 198 444 219 videatur
453 205 489 226 per
498 198 602 219 collatores
610 197 695 225 ejusdem
703 197 836 219 universitatis
844 198 970 226 deputando:
981 207 1029 228 pro-

278 229 320 250 viso
330 233 398 250 tamen
410 229 465 263 quod
479 228 604 260 quiscunque
618 229 643 249 ad
657 228 772 258 hujusmodi
786 229 854 249 actum
869 229 990 257 praedicandi
1004 231 1031 252 sic

279 265 304 281 ut
324 259 455 288 praemittitur
468 260 576 287 deputatus
591 259 609 280 si
619 259 665 280 casu
683 265 807 287 quocunque
821 259 886 290 ipsum
901 260 1029 288 personaliter

278 290 384 319 praepediri
393 290 499 318 contigerit
509 290 561 311 vices
571 290 615 311 suas
625 297 660 318 per
670 290 749 311 alium*
744 297 765 311 ιιι
780 297 803 311 ea
813 295 870 318 parte
880 287 970 319 suppleri
981 299 1028 320 pro-

279 326 342 343 curet.
371 320 416 341 Fiat
426 326 494 342 autem
503 321 568 342 sermo
580 321 605 342 ad
619 321 696 342 clerum
710 320 760 342 hora
773 325 793 342 et
807 321 852 342 loco
866 321 983 349 supradictis
997 323 1030 344 di'e

277 351 412 374 transsationis
422 352 485 373 bentae
494 351 577 380 virginis
586 350 718 373 Etheldredae.
740 379 743 382 Δ

478 423 524 444 ¹70·
541 416 725 453 Declaratiostsstufi
730 416 825 444 praedim'.

326 473 421 493 ROVIS
427 472 475 493 UM
488 471 516 492 est
525 475 546 492 et
559 471 660 493 decretum
675 478 711 500 per
720 471 838 499 magistrum
848 472 961 495 Robertum
970 473 1028 495 Fitz-

332 503 372 524 hue
385 502 527 524 cancellarium
541 502 674 523 universitatis
688 502 807 530 caeterosque
821 502 924 530 magistros
935 511 970 532 per
983 505 1027 533 ple-

272 540 324 555 nam
333 533 509 561 congregationem
519 532 632 568 regentium
640 538 660 553 et
669 534 721 554 non-
713 533 836 561 -regentium
845 533 953 562 specialiter
962 535 1027 564 depu-

271 568 329 586 tates
339 565 394 593 quod
403 571 473 585 omnes
485 563 626 585 baccalaurei'
621 571 644 584 ιιι
658 564 761 591 theologia
769 564 805 592 qui
814 564 913 586 sermones
923 566 1026 587 examina-

275 595 339 616 torios
348 602 391 616 non
400 594 551 623 praedicavermt
565 595 590 615 ad
599 594 762 623 praedicationem
776 596 891 616 sermonum
904 595 974 617 diebus
988 596 1025 617 do-

274 625 355 647 minicis
364 626 389 647 ad
398 626 474 647 clerum
484 625 593 646 secundum
603 630 694 647 tenorem
703 625 773 647 statuti
783 626 807 647 de
817 625 947 647 sermonibus
951 627 977 648 ad
986 628 1026 648 cle-

275 664 322 678 rum
331 664 367 686 per
375 656 527 685 assignationem
535 656 657 678 collatorum
665 656 768 684 aequaliter
777 656 899 685 obligentur.

451 719 453 722 ’
474 729 509 751 ι7ι
514 737 519 743 .
536 722 569 744 De
577 721 700 750 opponentibus
708 722 729 743 t'n
737 722 829 751 theologia.

335 778 449 799 UARTO
462 777 494 799 die
503 777 612 799 decembris
621 784 677 799 anno
687 777 772 799 Domini
781 777 887 800 millesimo
897 779 957 800 cccc·
967 779 1024 800 ιιινι·

340 808 362 830 in
372 809 431 837 plena
440 808 594 836 congregatione
604 808 716 836 regentium
725 813 745 829 et
755 815 805 829 non·
799 809 921 836 -regentium
936 809 1024 830 summa-

273 839 311 860 tim
321 839 465 860 declaravimus
470 840 529 867 quod
538 844 663 868 opponentes
672 839 694 860 in
709 838 810 866 theologia
824 839 900 860 admissi
914 840 952 860 sive
961 840 1024 861 licen-

273 870 319 891 tiati
336 870 361 891 ad
374 870 492 891 intrandum
510 870 571 891 libros
586 870 731 891 sententiarum
745 870 809 891 donec
826 870 932 891 astualiter
946 871 1024 892 eosdem

273 900 392 922 intraverint
402 907 449 922 cum
463 898 536 922 effebiu
546 901 668 922 baccalaurei
682 900 766 922 nomine
777 901 799 922 in
807 901 876 922 eadem
890 901 944 922 dieta
957 901 1023 922 facul-

273 936 315 952 tate
324 931 409 953 minime
418 932 519 960 gaudeant
528 938 565 953 nec
573 931 659 959 gradum
674 932 836 953 baccalaureatus
850 932 958 953 honoresve
971 932 1023 959 ejus-

273 962 350 983 demin
360 962 413 983 dieta
423 962 475 983 sacra
484 962 584 990 theologia
599 962 644 983 satis
658 962 763 983 obtineant
777 969 814 983 nec
828 962 867 983 alia
880 963 924 983 loca
936 963 1024 984 habeant

272 999 336 1020 quam
345 993 397 1014 inter
406 998 530 1021 opponentes
541 993 563 1014 in
571 992 659 1021 generali
668 992 788 1021 proceffione
797 992 835 1014 slve
842 992 864 1014 in
873 993 951 1014 ecclesia
960 994 1023 1015 beata

271 1023 355 1051 virginis
365 1030 411 1045 cum
422 1024 521 1045 sermones
530 1024 555 1045 ad
570 1024 646 1045 elerum
656 1023 729 1045 ibidem
743 1022 820 1044 fuerint
828 1023 892 1045 donec
905 1031 941 1052 per
949 1024 1022 1046 introi-

272 1059 318 1076 tum
328 1054 471 1076 sententiar-um
479 1055 552 1083 gradus
563 1054 685 1083 perfecerint
691 1054 870 1082 complementum.

364 1127 409 1149 172.
424 1121 456 1142 Ne
464 1121 556 1149 concur-stu
565 1120 699 1148 nationumfiat
707 1120 785 1148 infistis
794 1120 848 1147 itffra
849 1120 935 1149 scriptis.

300 1176 372 1197 ΤΕΜ
385 1175 493 1197 statuimus
506 1175 543 1197 sub
557 1183 618 1204 poena
627 1174 840 1197 excommunicationis
855 1182 917 1204 quam
931 1182 956 1196 ex
965 1182 1021 1197 nunc

306 1206 329 1227 in
340 1213 381 1228 non
391 1211 482 1235 parentes
492 1206 576 1227 ferimus
586 1207 608 1227 in
617 1207 648 1227 his
657 1206 734 1234 scriptis
744 1213 769 1227 ne
779 1206 852 1234 aliquis
861 1207 892 1227 vel
899 1206 962 1234 aliqui
973 1206 1021 1228 festa

269 1238 301 1258 vel
320 1237 448 1258 solennitates
466 1237 580 1258 sanaoiu‘m
599 1237 695 1264 Hugouis
711 1237 815 1258 Edmundi
831 1236 939 1258 cuthberti
953 1237 1021 1259 Willi.

270 1268 332 1288 Ebot.
349 1268 371 1288 in
389 1268 458 1296 aliquo
475 1268 520 1289 loco
534 1267 630 1296 singulari
650 1267 730 1296 publice
749 1275 787 1296 pro
802 1267 906 1289 communi
922 1268 1021 1289 concursu

268 1298 389 1320 scholarium
398 1298 534 1326 cujuscunque
544 1299 632 1320 nationis
642 1300 740 1327 deputato
749 1298 847 1319 celebrare
856 1302 979 1326 attemptent
988 1299 1020 1320 sed

268 1329 353 1358 quilibet
363 1329 385 1350 in
396 1329 430 1350 sua
438 1329 547 1357 parochiali
558 1329 637 1351 ecclesia
650 1331 696 1351 Deo
709 1331 733 1350 et'
744 1328 813 1350 sansto
826 1329 860 1350 cui
873 1329 958 1350 devotus
968 1329 996 1350 e'st
1005 1328 1020 1350 fi

261 1360 316 1382 *velit
325 1360 405 1387 cultum
414 1365 487 1388 augeat
495 1360 594 1381 divinum.

925 1397 971 1419 173.
988 1391 1022 1412 De
