1192 1583
388 342 965 376 STATUTA

300 436 473 462 REGINAE
490 435 763 460 ELIZABETHAE
779 435 897 459 ANNO
916 435 1051 461 PRIMO

455 483 609 507 REGNI
633 482 706 506 SUI
729 481 892 506 EDITA.

369 602 561 624 LIZABETHA
575 601 614 623 Dei
633 600 697 629 gratia
711 601 791 629 Angfiae
803 601 893 623 Franciae
910 605 930 623 et
947 602 1050 625 Hibemiae

301 604 369 686 E
382 633 451 661 regina
464 632 511 654 fidei
525 632 615 653 defensor
628 633 666 653 hcc.
694 632 778 653 Dileffis
793 633 852 654 nobis
867 633 986 654 cancellario
1000 640 1050 662 pro·
1069 628 1072 631 ’

382 664 500 686 cancellario
514 663 632 686 doctoribus
647 661 745 691 magistris
760 662 880 691 regentibus
890 668 910 685 et
924 671 977 685 non·
968 671 1049 692 -regen-

299 695 354 717 tibus
364 695 449 723 disciplis
458 699 479 715 et
488 694 583 715 omnibus
595 694 631 722 qui
644 694 708 715 bona1
709 701 744 715 um
758 694 862 715 literarum
875 694 939 716 studia
952 695 1050 723 profiten-

300 731 336 747 tur
347 726 369 747 in
382 725 490 747 Academia
503 725 570 746 nostra
580 724 740 767 Cantabrigienfi
753 724 790 752 qui
805 732 860 746 nunc
869 725 916 747 sunt
928 726 1004 755 quique
1016 726 1051 748 fu-

301 756 343 778 turi
352 757 400 778 sunt
408 757 499 778 salutem.

329 820 383 839 Cum
393 817 468 846 regni
459 824 535 839 munus
547 817 571 838 fit
584 817 649 838 modis
662 817 757 839 omnibus
768 818 870 846 populum
886 818 922 839 fibi
936 825 948 839 a
961 820 1006 840 Deo
1018 819 1051 841 su-

301 855 371 877 prema
384 848 507 870 authoritate
519 848 646 869 commiss‘um
660 848 714 870 bona
727 848 766 869 fide
780 853 881 876 quantum
892 849 939 877 poss
941 854 950 870 t
964 850 1016 871 tueri
1029 857 1052 872 ac

301 887 368 908 regere
382 886 457 907 magna
470 886 518 900 cura
528 879 586 900 nobis
596 879 671 908 semper
681 879 717 900 effe
725 879 784 900 debet
793 886 836 901 non
850 879 914 901 solum
923 880 943 901 vi
957 885 977 901 et
991 882 1051 902 armis

301 911 388 932 eundem
397 910 487 932 adversus
497 914 589 931 externos
599 910 664 931 hostes
678 910 782 931 defendere
792 917 862 931 verum
871 910 932 932 etiam
946 911 1002 932 domi
1011 911 1051 933 vir..

301 941 381 963 tutibus
390 948 462 969 augere
471 946 491 962 et
499 940 596 962 doctrinis
606 941 701 962 excolere.
715 942 745 962 Ut
753 948 800 969 ergo
810 941 921 969 superstitio
929 941 992 963 totius
1002 949 1051 964 vetae

302 972 405 1000 refigionis
416 972 475 993 ruina
485 972 602 1000 profligetur
612 976 633 992 et
647 971 761 999 ignorantia
770 971 837 993 omnis
847 971 979 993 immanitatis
988 978 1052 994 mater

303 1003 384 1031 penitus
393 1004 460 1024 exulet
469 1002 597 1024 neceffarium
611 1002 654 1023 fore
663 1002 759 1023 duximus
768 1002 878 1023 academias
892 1003 968 1024 nostras
982 1004 1052 1031 praeci-

302 1040 355 1062 puos
370 1034 472 1055 literarum
487 1033 553 1054 fontes
568 1033 737 1061 primoomnium
751 1033 826 1055 intueri
840 1040 862 1054 ac
872 1040 957 1062 purgare
970 1039 994 1055 ut
1008 1034 1053 1056 inde

303 1064 359 1093 quafi
369 1071 405 1093 per
414 1064 525 1100 puriffimos
535 1064 610 1085 rivulos
616 1063 712 1085 universae
717 1064 773 1092 regni
781 1069 847 1092 partes
856 1064 951 1086 sinceram
958 1065 1052 1094 pietatem

303 1100 324 1117 et
333 1102 414 1117 morum
425 1095 561 1122 integritatem
571 1094 650 1115 haurire
660 1094 739 1123 poffint.
767 1096 798 1116 Ea
811 1095 836 1116 de
849 1095 908 1116 causa
919 1095 971 1117 viros
980 1096 1053 1124 gravis-

304 1126 364 1148 fimos
373 1131 393 1147 et
403 1126 524 1156 doffissimos
534 1125 660 1146 Gulielmum
672 1125 770 1147 Cecilium
781 1126 871 1154 equitem
885 1132 979 1148 auratum
993 1127 1053 1148 dilec-

304 1162 350 1178 tum
360 1162 380 1178 et
394 1157 472 1178 fidelem
482 1156 573 1177 nostrum
583 1156 719 1177 consiliarium
732 1161 753 1177 et
766 1156 871 1177 academia
886 1158 1052 1186 cantabrigiensis

305 1188 408 1209 summum
418 1186 558 1208 cancellarium
566 1187 696 1208 Anthonium
706 1188 784 1208 Cocum
792 1187 880 1215 equitem
890 1193 985 1209 auratum
998 1190 1053 1210 Mat-

305 1218 382 1240 thaeum
398 1218 507 1239 Parkerum
522 1217 580 1238 sacrae
597 1217 703 1245 theologiae
716 1217 819 1238 dodim-em
835 1218 962 1240 Gulielmum
980 1220 1053 1240 Billum

305 1250 363 1271 sacrae
371 1249 477 1276 theologiae
485 1248 587 1269 doetorem
598 1255 695 1276 magnum
705 1248 796 1270 nostrum
806 1248 982 1276 eleemosynarium
990 1250 1054 1271 Guax-

306 1286 372 1302 terum
382 1280 507 1300 Haddonum
522 1279 589 1306 legum
599 1279 702 1300 duetorem
716 1279 870 1307 supplicumque
883 1280 997 1301 libellorum
1012 1287 1054 1302 ma-

304 1310 389 1339 gistrum
400 1310 526 1331 Gulielmum
536 1311 622 1338 Mayum
632 1310 700 1338 legum
709 1310 812 1331 doctorem
821 1310 920 1332 decanum
930 1310 991 1332 sancti
998 1311 1053 1332 Pauli

306 1341 410 1364 Thomam
422 1341 536 1362 Wendeum
550 1341 654 1362 medicinae
671 1341 775 1362 doctorem
789 1341 889 1362 medicum
904 1342 996 1363 nostrum
1011 1344 1053 1363 Ro-

976 1373 1053 1394 bertum
