1192 1583
472 122 697 148 STQAT-:UQA
714 120 861 143 REGIS

294 181 319 199 ut
326 176 356 198 ita
364 173 476 196 viventium
485 171 545 194 corda
559 170 599 193 suae
612 168 742 197 benignitatis
756 168 825 197 gratia·
831 166 924 189 affundat
938 172 963 188 ut
972 168 998 189 ad
1007 168 1049 190 Dei

293 207 379 237 gloriam
388 204 526 227 illustrandam
538 207 558 223 et
572 200 701 223 christianam
715 200 832 227 religionem
846 198 985 226 adaugendam
997 207 1049 228 opes

295 247 318 261 ac
328 237 432 259 facultates
443 235 486 256 suas
496 233 586 255 similiter
599 231 711 253 conferant.
739 230 786 252 Post
799 229 919 251 concionem
933 235 1049 258 peroratam

296 269 409 292 cantabunt
418 266 496 294 anglice
506 266 537 286 Te
552 265 621 285 Deum
631 263 721 285 Laudate
734 260 850 283 Dominum
860 261 885 282 de
897 260 952 282 calis
961 262 1050 283 cantate

297 300 388 323 Laudare
397 297 512 320 Dominum
522 296 544 316 in
554 294 633 316 sanffio.
662 294 695 315 Ad
705 293 767 314 finem
777 292 901 320 psalmorum
910 291 982 313 Gloria
992 292 1049 314 Patri

298 334 336 354 διε.
346 335 366 352 et
374 334 421 351 ante
431 327 567 357 precationem
576 326 644 347 dicent

353 372 400 394 The
410 377 500 398 memory
509 369 533 390 of
541 369 575 390 the
584 367 688 396 righteous
699 366 749 388 ssiall
758 365 836 387 remain
846 364 879 387 for
887 372 996 395 evermore2

327 415 386 444 Resp.
401 414 449 435 And
459 413 509 434 [hau
518 415 556 443 not
566 409 591 432 b'e
600 410 664 432 afraid
674 409 699 431 of
707 416 746 438 any
755 408 794 430 evil
803 412 877 437 report.

356 458 403 479 The
412 456 467 478 Lord
477 454 559 476 bewith
569 446 617 482 you.

330 500 389 529 Resp.
405 499 452 521 And
461 497 511 519 with
522 497 557 525 thy
568 496 630 524 spirit.

610 539 649 560 Let
656 544 680 559 us
690 544 746 566 pray.

331 588 351 608 0
365 585 420 607 Lord
430 591 460 605 we
473 580 547 611 glorify
557 579 602 602 thee
616 581 638 602 in
655 580 708 602 these
723 580 759 608 thy
775 577 867 601 servants*
874 586 912 601 our
929 576 1053 602 b'enefastors

303 617 398 646 departed
411 620 449 637 our
462 614 487 635 of
498 613 539 634 this
549 611 628 640 present
641 611 677 632 life
690 586 807 638 beseeghing
820 607 872 633 thee
875 611 920 632 that
930 617 951 632 as
965 611 1013 639 they
1022 610 1054 632 for

303 648 356 670 their
365 647 415 668 time
424 644 521 667 bestowed
531 643 642 670 charitably
652 647 675 663 to
689 649 727 663 our
737 641 826 663 comfort
835 641 870 662 the
879 642 976 670 temporal
986 641 1054 670 things

305 679 372 700 which
382 678 433 699 thou
441 676 493 697 didst
502 675 551 705 give
556 674 613 694 them
627 673 648 694 so
658 679 688 694 we
702 672 734 694 for
743 679 782 695 our
797 672 846 693 time
855 679 901 700 may
911 672 1014 700 fruitfully
1023 672 1055 694 use

305 710 340 731 the
350 709 402 731 same
416 713 438 729 to
453 707 487 728 the
501 703 573 732 setting
587 703 643 725 forth
657 703 682 725 of
695 704 732 731 thy
741 703 790 731 holy
804 703 861 724 word
870 707 892 724 to
906 703 943 731 thy
958 703 1007 724 laud
1017 703 1055 725 and

305 740 368 769 Praise
382 739 423 760 and
437 738 506 765 finally
520 736 565 759 that
574 735 625 756 both
639 735 686 762 they
695 734 734 755 and
745 741 775 755 we
787 741 834 762 may
849 733 987 763 everlustingly
1001 734 1057 763 reign

299 771 357 793 'with
366 769 425 792 thee'
421 776 442 791 1n
452 769 510 797 glory
520 766 609 795 through
620 766 675 793 Jesus
686 765 752 786 Christ
761 771 800 786 our
809 765 870 786 Lord.
899 766 974 787 Amen.

335 828 481 852 Concionatori
490 827 547 849 huic
552 832 607 849 certa
616 833 690 849 merces
704 834 740 855 per
750 827 869 855 magistrum
877 832 898 849 et
907 827 969 849 socios
978 826 1058 856 cujussi-

308 863 343 883 bet
352 861 431 889 collegii
439 859 580 881 constituatur.

338 923 383 945 Pon
393 928 511 944 communes
520 921 542 942 in
552 927 624 941 aurora
634 920 659 941 ad
674 920 745 942 horam
756 920 851 949 quintam
861 927 927 949 preces
937 921 993 942 locus
1003 927 1058 942 com-

311 954 379 977 munis
391 954 413 975 in
422 951 510 980 collegiis
525 952 585 979 Regis
595 951 703 972 Trinitatis
713 957 733 972 et
747 952 833 979 Joannis
841 952 932 980 quotidie
941 951 1060 973 ‹ruffiabitur

311 991 331 1007 et
340 985 362 1006 in
372 984 446 1006 caeteris
457 982 545 1010 collegiis
555 982 606 1003 aulis
614 987 634 1003 et
644 982 734 1010 hospitiis
745 983 863 1005 idemlocus
872 982 988 1004 communis
998 987 1027 1004 ter
1036 981 1060 1003 ad

311 1015 422 1038 minimum
432 1015 453 1036 in
461 1014 586 1035 hebdomada
595 1013 664 1034 eadem
674 1013 725 1034 hora
732 1013 859 1038 tractabitur.

340 1076 419 1104 Singuli
428 1075 558 1103 collegiorum
568 1074 615 1096 socii
624 1074 660 1103 qui
674 1075 733 1103 supra
747 1076 833 1103 gradum
843 1075 1004 1097 baccalaureatus
1013 1075 1061 1097 arti-

312 1114 350 1129 um
359 1112 379 1129 et
388 1106 442 1128 infra
455 1106 572 1127 doctoratus
586 1105 672 1133 gradum
687 1105 709 1127 in
719 1106 788 1134 aliqua
798 1106 893 1128 facultate
904 1106 980 1128 fuerint
994 1107 1061 1128 locum

314 1144 445 1160 communem
454 1137 490 1158 suo
499 1136 568 1158 ordine
578 1143 614 1164 per
623 1136 757 1158 hebdomadas
768 1137 885 1159 tractabunt
891 1145 903 1159 a
910 1138 1022 1159 senioribus
1030 1137 1062 1159 in-

315 1169 408 1198 cipiendo
417 1173 478 1196 atque
488 1168 517 1188 ita
525 1167 549 1188 ad
558 1167 639 1188 infimos
648 1168 803 1195 progrediendo:
813 1169 868 1196 quod
878 1168 915 1197 qui
929 1169 951 1190 in
960 1168 1019 1190 cursu
1029 1168 1064 1190 suo

316 1207 360 1222 non
370 1199 454 1221 fecerint
464 1198 566 1220 menstruo
575 1202 691 1219 commeatu
701 1198 736 1219 suo
746 1198 876 1220 mulctentur.

320 1273 323 1276 >
345 1262 397 1284 Socii
406 1261 498 1290 discipuli
507 1260 627 1290 penlionarii
636 1265 656 1282 et
666 1260 774 1283 scholastici
784 1261 857 1289 finguli
866 1261 902 1290 qui
912 1262 1004 1283 nondum
1014 1268 1065 1290 qua-

317 1293 452 1321 dragesimum·
465 1299 542 1314 annum
557 1292 667 1320 attigerunt
677 1299 743 1321 neque
750 1293 775 1313 ad
789 1293 906 1314 doctoratus
920 1293 1006 1321 gradum
1016 1292 1065 1320 aspl-

318 1330 389 1346 rarunt
398 1330 463 1351 neque
471 1324 560 1351 praefides
569 1323 700 1351 collegiorum
712 1324 757 1345 sunt
764 1324 870 1345 matutinis
879 1325 929 1345 hora
939 1324 1012 1352 quinta
1022 1330 1065 1352 pre-

318 1355 375 1376 cibus
384 1358 405 1376 et
413 1355 460 1375 loco
469 1354 574 1375 communi
585 1354 698 1376 intererunt
708 1354 744 1376 sub
754 1361 815 1383 poena
824 1362 846 1377 ea
856 1362 903 1384 quae
911 1355 933 1376 in
942 1355 1022 1377 statutis
1032 1354 1066 1375 ad-

1003 1385 1067 1409 versus
