1192 1583
405 125 625 147 STATUTA
652 108 880 152 AN'leUA.

263 174 418 203 congregatione
427 174 495 204 jurent
504 174 560 202 quod
568 161 660 195 officiunt
673 171 732 194 suum
741 172 848 201 diligenter
857 176 877 193 et
886 171 972 194 fideliter
979 175 1016 195 ex-'

263 210 371 235 equentur.
484 209 486 211 ’

507 275 542 296 66.
561 275 594 296 De
603 274 656 303 qffi‘cia
665 278 775 295 taxum-um.

329 332 373 353 UO
382 335 482 352 taxatores
492 330 583 359 pra-,dieti
592 330 614 351 in
622 329 688 351 forma
697 329 793 358 praedicta
801 328 859 350 eieffi
868 332 888 350 et
897 328 958 356 iurati
968 336 1016 351 cum

342 362 422 383 duobus
437 362 568 390 burgensibus
585 368 653 382 coram
670 360 798 382 universitate
812 360 926 387 juramento
941 360 1015 382 astriffi

265 400 377 421 congruam
391 393 499 414 domorum
514 392 590 413 faciant
604 391 728 413 taxationem
739 391 765 418 ‘in
781 390 883 419 publicam
897 390 1016 419 scripturam

265 424 394 451 redigendam
403 431 439 452 per
452 423 537 444 eosdem.
561 422 632 444 Affisas
646 422 706 443 etiam
717 422 774 450 panis
789 426 809 443 et
818 421 901 443 cervifiae
910 421 986 444 faciant
996 426 1016 443 et

264 454 341 475 easdem
351 454 456 482 diligenter
464 459 484 475 et
497 453 581 475 fideliter
595 453 672 475 faciant
686 453 790 474 observari.
816 452 837 474 Si
850 452 896 481 quis
910 459 958 474 vero
971 460 1016 474 ma-

264 485 373 513 gistrorum
383 485 496 513 regentium
511 485 536 506 ad
549 484 640 506 officium
654 484 750 505 taxatoris
761 488 784 505 ut
798 483 839 511 jam
853 483 927 505 dicitur
940 483 1015 505 elec‘tu's

264 516 344 537 dictum
353 516 443 537 officium
453 516 557 537 admittere
571 515 688 537 recusaverit
701 515 732 536 vel
741 515 763 536 in
777 515 869 536 fraudem
883 514 981 536 ceffaverit
991 521 1015 536 ex

249 567 251 570 ,
264 552 316 568 tunc
325 554 360 575 per
374 551 441 568 totum
452 553 531 568 annum
541 547 634 575 proximo
649 547 764 574 sequentem
778 546 801 567 in
814 545 969 573 congregatione
984 552 1015 566 re-

263 578 358 606 gentium
369 584 440 599 vocem
452 578 508 599 suam
523 577 604 598 amittat
618 582 638 598 et
653 584 716 598 unam
732 583 821 598 marcam
837 576 944 602 communi
962 577 1015 598 cistae

265 608 398 634 universitatis
408 608 462 630 infra
478 616 492 629 x
507 608 548 629 dies
563 608 665 636 proximos
681 608 725 636 post
741 607 857 637 huiusmodi
864 607 1015 633 „recusationem

264 639 299 660 seu
309 639 434 661 cessationem
444 639 541 668 persolvat
550 640 606 667 quod
620 639 634 660 st
645 646 687 660 non
701 639 770 660 fecerit
779 638 821 667 ipso
833 637 888 659 faCto
898 638 1016 659 sententiam

266 670 480 692 excommunicationis
489 670 586 691 incurrat.

446 736 481 764 67.
499 736 532 757 De
540 736 621 764 hospitiis
631 739 648 756 et
655 735 733 764 penstone
742 735 837 757 domorum.
985 748 1006 753 ν

332 791 426 812 RiBUs
440 790 530 811 terminis
540 790 560 811 id
569 790 598 811 est
606 790 676 811 diebus
686 790 779 811 omnium
793 790 906 813 sanctorum
921 790 1015 818 purifica-

339 821 401 842 tionis
411 821 473 842 beatae
482 821 565 848 virginis
574 826 595 842 et
609 820 724 842 ascensionis
734 821 847 842 Dominicae
862 820 964 849 pensiones
978 822 1016 843 do-

265 859 348 874 morum
359 852 381 873 in
390 856 430 873 tres
442 856 506 880 partes
519 852 617 879 equaliter
630 852 742 873 dividenda,
754 852 785 872 vei
799 852 864 872 divisae
878 852 963 873 omnino
977 852 1015 873 sol-

266 887 342 904 vantur
351 883 382 903 vel
391 889 481 910 congrua
490 882 601 910 hospitibus
612 882 719 904 satisfaStio
729 882 775 910 ipsis
784 883 954 904 consentientibus
964 890 1016 911 prar-

266 914 329 935 stetur
342 913 420 934 eisdem.
444 915 558 934 statuentes
572 913 633 934 etiam
647 913 762 935 inhibemus
778 920 803 934 ne
818 913 863 941 quis
876 920 888 934 a
904 913 1016 941 municipio

266 944 300 966 seu
309 944 356 965 villa
365 944 500 971 Cantabrigiae
514 945 591 965 recedat
605 944 649 972 post
660 944 770 966 terminum
780 944 878 966 statutum
887 944 912 964 de
922 944 1016 972 pensione
1054 963 1057 965 .

266 975 360 996 solvenda
369 975 406 996 nisi
421 974 476 1003 prius
490 975 514 995 de
528 976 595 998 eadem
611 975 704 1003 pensione
717 982 806 1002 congrue
822 974 947 996 satisfecerit:
966 979 986 995 et
1002 975 1017 996 si

267 1010 338 1026 contra
348 1005 384 1026 fiat
396 1005 469 1033 pignus
483 1006 554 1026 datum
568 1006 594 1026 ab
609 1006 679 1027 eodem
694 1009 785 1033 ‘tempore
800 1006 859 1027 studii
875 1006 897 1026 in
911 1005 951 1026 fine
967 1006 1021 1033 anni¹

267 1036 368 1063 completo
377 1036 431 1057 licite
444 1043 479 1064 per
492 1036 589 1064 hospitem
599 1037 731 1058 distrahatur:
746 1040 766 1057 et
780 1036 794 1057 si
809 1036 927 1063 fidejuffores
942 1036 1017 1057 dederit

266 1067 300 1088 seu
310 1067 459 1095 expromiffores
469 1067 551 1088 arbitrio
565 1067 648 1095 hospitis
662 1067 820 1088 conveniantur:
835 1067 850 1088 fi
864 1074 910 1088 vero
925 1074 960 1088 nec
971 1067 1016 1095 pig-

266 1105 317 1119 nora
328 1104 364 1118 nec
374 1097 492 1124 fidejuss‘ores
499 1097 573 1119 dederit
580 1103 600 1119 et
610 1097 702 1126 pensione
710 1105 752 1119 non
760 1098 824 1119 soluta
834 1099 891 1119 nullo
900 1098 961 1119 modo
971 1098 1016 1118 hos-

267 1129 305 1157 piti
319 1128 420 1149 satisfacto
433 1135 445 1149 a
457 1128 504 1149 villa
517 1128 613 1150 recesserit
626 1129 652 1150 fic
662 1129 769 1157 procedens
782 1129 806 1149 sit
819 1129 861 1156 ipso
870 1128 925 1149 faeta
934 1135 1016 1149 excom-

267 1159 383 1180 municatus
399 1164 419 1180 et
434 1158 470 1180 suo
485 1159 588 1180 diocesano
601 1159 785 1180 excommunicatus
803 1159 935 1180 denuncietur
953 1160 1016 1180 donec

267 1190 354 1218 plenarie
364 1189 400 1211 suo
410 1189 484 1217 hospiti
497 1190 521 1210 de
536 1190 629 1217 pensione
643 1190 704 1211 fuerit
718 1189 843 1211 satisfaffiurn
857 1194 948 1218 tempore
962 1190 1016 1211 solu-

268 1221 329 1241 tionis
345 1221 440 1242 faciendae
454 1225 537 1248 propter
551 1220 633 1248 hospitis
643 1220 798 1248 improbitatem
813 1220 827 1241 si
841 1227 892 1248 opus
908 1220 968 1241 fuerit
981 1227 1017 1249 per

267 1251 407 1272 cancellarium
419 1251 548 1272 moderando.
572 1252 651 1272 Demos
665 1251 687 1272 in
697 1251 771 1279 quibus
781 1251 852 1272 scholae
861 1251 897 1272 esse
907 1251 1016 1276 consueve-

267 1287 313 1302 rant
323 1288 334 1302 a
343 1282 440 1302 decennio
449 1287 468 1302 et
478 1283 531 1303 ultra
545 1282 614 1303 nuilus
626 1282 651 1303 ad
660 1282 816 1303 inhabitandum
830 1282 929 1302 conducat
944 1282 976 1302 seu
990 1283 1016 1303 ad

266 1312 330 1335 alium
343 1311 401 1334 usum
415 1317 518 1335 convertat
532 1313 630 1340 quamdiu
645 1317 733 1341 regentes
747 1312 804 1340 juxta
818 1319 927 1334 numerum
941 1320 1017 1333 eorun-

971 1344 1017 1365 dem
