1192 1583
224 130 261 151 ¹5²

485 121 706 145 STATUTA
735 123 876 147 REGls.

303 176 349 197 gras
358 168 424 190 horas.
442 170 597 191 ⁴Baccalnureus
610 170 717 198 theologiae
727 175 750 191 ut
759 171 844 200 quisque
857 172 974 195 veterrimus
986 176 1017 197 'est
1026 177 1054 198 ita

302 200 373 222 ordine
381 200 494 228 suggestum
503 201 620 229 occupabit:
634 205 700 222 ternas
715 202 740 223 ad
754 202 864 224 minimum
879 204 940 225 theses
954 206 1053 229 defendet.

303 230 394 258 Collegia
402 231 480 259 singula
490 232 521 252 vel
530 231 683 258 coniunffiones
697 232 828 260 collegiorum
842 238 867 254 ut
876 239 923 256 ante
936 235 1054 265 junguntur

302 261 434 290 disputatores
448 266 537 290 quatuor
546 267 583 284 aut
591 263 659 290 plures
666 268 737 284 contra
750 264 829 285 dabunt
838 264 874 286 sub
888 272 911 286 ea
925 273 971 294 quae
979 269 1053 296 praedi-

302 292 357 313 citur
366 292 444 314 mulfita
457 297 477 314 et
486 293 563 314 eosdem
578 294 609 315 vel
624 294 729 321 theologia:
744 295 882 317 baccalaureus
896 297 927 318 vel
937 299 1005 325 quarti
1016 305 1052 321 aut

302 323 357 344 tertii
366 323 416 344 anni
426 323 529 351 magistros
539 323 621 345 artium.
650 324 750 346 Themata
759 325 822 347 dubia
831 325 889 348 sacrae
897 327 999 357 scriptura
1008 330 1052 352 loca

302 353 341 374 sint
351 354 383 375 vel
391 361 416 375 ex
425 353 465 375 illis
474 355 581 376 ducantur.

526 419 691 447 Jurtconfidtorum
700 420 833 448 disputationes.

338 473 411 494 URlS
425 472 488 494 civilis
502 473 611 502 disputatio
620 474 655 495 fiet
669 475 754 496 secundo
763 480 784 496 et
797 475 851 497 sexto
860 477 892 499 die
905 477 955 505 jovis
965 479 987 501 in
997 488 1050 503 uno-

300 471 333 526 J
344 510 426 532 quoque
435 503 529 525 termino.
559 505 678 533 suggestum
693 511 792 534 occupent
806 507 897 530 dostores
906 510 976 532 ordine
985 511 1022 533 suo
1030 518 1050 535 et

301 533 386 555 seniores
396 535 518 556 baccalaurei
528 535 581 556 tertii
589 536 613 557 ad
622 536 730 558 minimum
737 537 786 558 anni
794 538 824 558 vel
833 539 922 567 magistri
931 541 1005 564 artium
1011 551 1049 572 pro

281 584 284 586 t
300 563 340 585 suis
349 564 428 586 formis.
457 566 553 594 Qatuor
566 566 698 594 disputatores
712 567 737 588 ad
751 568 860 590 minimum
874 570 976 593 exhibebit
988 575 1049 596 colle-

299 595 357 622 gium
368 602 444 617 novum
454 595 495 623 juri
504 596 558 617 civili
571 596 661 618 dicatum
670 604 694 619 ex
704 598 735 619 his
749 599 785 626 qui
795 599 885 621 doaores
896 608 938 623 non
952 603 998 625 sunt
1013 605 1048 626 sub

299 632 360 653 poena
368 626 455 653 ejusdem
464 634 510 655 quae
519 627 635 655 praedicitur
644 628 732 650 mulctae.
747 629 776 650 Hi
785 634 825 651 tres
835 631 860 652 ad
871 631 980 655 minimum
989 635 1047 657 horas

299 660 380 684 tempus
393 657 499 678 extrahent
512 662 533 679 et
544 658 588 686 post
603 658 616 679 si
631 659 656 680 sie
671 659 761 681 videatur
775 661 934 684 moderatoribus
946 665 982 692 qui
995 667 1047 688 volet

298 691 370 708 contra
380 694 426 709 eum
436 688 472 716 qui
482 688 586 717 respondet
595 689 704 717 disputato.
727 691 767 712 Hae
775 691 919 719 disputationes
929 698 952 715 ut
962 695 1000 717 rite
1014 704 1046 718 or—

297 717 384 745 dineque
394 725 417 740 ac
427 724 524 747 perpetuo
534 719 585 740 fiant
594 720 702 748 collegium
711 721 761 748 juris
772 721 835 743 civilis
845 724 924 745 curabit
933 725 969 746 sub
978 728 1046 749 eadem

298 748 375 769 mulcta
385 749 400 770 fi
410 754 446 770 aut
455 750 557 778 responsor
567 755 603 771 aut
612 751 738 779 replicatores
747 752 810 774 desint
819 760 865 782 quae
874 754 933 777 simili
942 756 965 778 in
974 757 1047 780 deliao

298 778 439 807 praescribitur.
859 790 861 792 ’

544 845 659 866 Medicorum
668 846 801 874 disputationes.

297 896 366 950 M
372 898 506 922 EDICINA
520 890 578 929 strnel
588 899 610 921 in
620 907 701 929 quoque
710 902 823 930 quadrante
832 905 881 926 anni
891 905 1045 935 disputationem

378 928 458 950 habebit
467 934 541 957 quarto
550 930 648 952 nimirum
656 931 706 958 iovis
714 932 746 954 die
755 933 776 954 in
785 941 868 963 quoque
875 937 969 959 termino.
986 940 1045 967 >Sug-

296 958 374 986 gestum
384 959 461 980 tenebit
474 960 537 981 lector
551 961 639 983 medicus
654 967 689 984 aut
702 963 738 991 qui
753 971 791 991 pro
800 964 866 987 forma
879 967 948 989 locum
962 970 1013 997 petit
1026 974 1046 992 et

297 988 334 1016 qui
344 989 448 1011 medicinae
456 991 505 1012 dant
514 998 597 1019 operam
607 993 745 1022 auditoresque
759 995 851 1018 lectionis
862 998 966 1021 medicinae
975 1005 1045 1022 contra

297 1019 435 1048 disputabunt.

499 1087 616 1109 Facultatum
625 1089 702 1111 omnium
711 1090 843 1119 &sputationm

297 1139 426 1194 TRES
436 1141 461 1162 ad
476 1142 583 1164 minimum
594 1143 656 1166 theses
670 1146 701 1166 vel
714 1147 850 1169 conclusiones
864 1149 958 1172 omnium
972 1151 1044 1175 harum

379 1168 538 1200 disputationum
555 1174 622 1195 triduo
642 1180 689 1197 ante
707 1177 761 1205 diem
778 1178 899 1202 destinatum
915 1181 1046 1210 disputationi

297 1202 409 1223 scholarum
420 1202 546 1230 publicarum
560 1205 622 1226 valvis
632 1212 644 1226 a
658 1206 786 1235 respondente
798 1209 906 1237 affigantur
919 1212 955 1233 sub
969 1214 1046 1236 mulcta

297 1233 385 1253 duorum
395 1232 503 1255 solidorum
512 1234 575 1256 eidem
586 1235 695 1263 infligenda
704 1245 750 1266 quae
765 1241 891 1267 praeconibus
905 1243 966 1264 cedet.
995 1245 1022 1266 Et
1031 1245 1045 1266 fi

297 1267 388 1290 ternpore
397 1263 433 1284 suo
441 1264 601 1292 responsor'desit
615 1274 651 1288 nec
662 1265 722 1289 saciat
736 1269 826 1292 officium
841 1271 898 1293 suum
914 1274 1046 1297 mulCtabitur

298 1294 334 1316 xx·
344 1300 433 1321 quorum
442 1295 504 1316 triens
518 1303 573 1318 unus
587 1298 692 1320 academiae
702 1300 751 1321 alter
760 1300 822 1322 triens
832 1304 995 1330 procuntoxibus
1004 1310 1045 1328 ter-

297 1324 339 1345 tius
348 1325 474 1353 praeconibus
482 1326 543 1348 cedet,

1013 1369 1046 1390 De
