1192 1583
293 119 516 143 STATUTA
544 119 770 149 ANTIQUA.

152 170 198 192 dem
208 168 230 190 in
239 166 341 197 principio
350 167 399 189 anni
413 167 444 189 vel
455 167 534 189 noviter
543 167 643 196 incepturi
656 168 680 190 in
693 168 756 190 initiis
766 169 905 193 terminorum

155 200 231 222 scholas
245 199 282 220 fibi
296 198 392 226 elegerint
406 198 428 220 in
442 198 513 220 eisdem
528 199 566 220 nili
581 199 659 221 domini
676 200 784 222 earundem
795 202 906 224 necestitate

154 227 211 252 duffi
220 230 261 252 fine
270 229 341 258 fraude
350 229 479 265 personaliter
488 229 562 251 ibidem
576 230 688 252 inhabitare
701 232 810 253 voluerint.
833 233 906 254 AEdifi-

154 262 233 284 ciorum
242 260 369 290 proprietarii
377 261 430 282 ultra
439 260 569 289 pensionem*
563 266 678 289 juramento
693 266 782 284 taxatam
792 267 813 284 et
822 270 846 285 ex
854 271 906 285 eon-

153 293 248 314 ventione
257 292 309 314 nihil
319 291 423 320 recipiant
429 299 470 315 nec
477 291 538 313 etiam
552 292 648 321 inquilini
662 294 716 314 ultra
730 294 813 315 eandem
827 294 906 323 aliquid

153 324 225 346 eisdem
235 323 337 345 exsolvant
346 329 383 344 nec
393 330 517 351 quocunque
528 323 609 344 titulo
604 331 624 344 m
635 324 750 351 hujusmodi
764 322 834 346 statuti
847 325 906 347 frau-

153 356 199 376 dem
209 354 262 383 spem
272 355 304 375 vel
318 354 452 382 quantitatem
467 354 588 382 promittant
598 354 643 383 ipsis
658 355 745 376 aedificiis
759 356 843 378 arbitrio
857 363 906 378 can-

154 386 228 407 cellarii
237 392 249 406 a
258 385 379 407 scholarium
389 385 415 406 fic
428 385 590 413 delinquentium
605 385 752 407 inhabitatione
766 387 905 415 suspendendis

154 422 174 439 et
183 417 239 445 quod
248 417 302 437 ultra
312 421 414 445 receptum
424 416 486 438 fuerit
495 417 526 437 vel
533 416 653 445 'promissum
661 417 766 439 communi
773 417 828 439 cistae‘
835 418 861 439 ab
871 418 905 447 ip-

154 448 175 469 so
184 447 291 476 recipiente
300 447 333 468 seu
343 447 473 476 promittente
484 447 602 476 applicetur.
631 448 675 475 Qj
688 449 773 470 domum
787 449 905 477 principali-

153 483 183 500 ter
192 478 303 500 conduxit
298 485 330 505 jus
340 478 467 499 inhabitandi
476 485 499 499 eo
510 485 565 499 anno
579 479 632 499 solus
646 479 728 500 habebit
736 480 848 501 dummodo
858 480 905 502 hos-

154 510 190 538 piti
200 514 220 531 et
229 509 348 538 cancellario
357 509 372 530 fi
384 509 453 538 hospes
468 515 511 530 non
520 509 634 530 inveniatur
648 510 679 530 vel
689 510 731 536 ejus
745 515 865 538 procurator
878 511 905 532 ad

154 540 286 562 domicilium
289 540 376 568 quaefitis
386 540 417 561 vel
430 540 485 561 ubi*
480 547 502 561 m
512 540 629 575 municipio
638 541 714 562 rnorari
727 541 866 563 consueverint
879 542 905 564 de

154 571 251 600 sequentis
261 572 310 593 anni
324 571 428 600 pensione
432 576 523 599 tempore
532 571 598 592 medio
609 571 663 592 intra
670 571 745 593 festum
755 572 818 594 sane'ti
827 574 904 594 Barna-

154 603 183 624 bae
197 603 238 632 jam
248 599 330 625 finitum
340 606 361 623 et
370 602 449 623 festum
453 602 563 624 nativitatis
572 602 663 630 gloriosae
672 602 755 630 virginis
765 604 864 639 complete
878 604 905 625 fi-

153 634 249 655 niendum
259 633 415 655 satisfafiiionem
425 633 521 659 obtulerit
534 640 581 654 eum
596 633 669 655 effestu
679 635 734 655 nuda
747 634 841 656 cautione
855 641 904 656 can-

153 665 232 685 cellario
241 664 329 692 expolita
338 671 381 685 non
388 664 478 685 valente:
494 671 531 685 nec
540 664 635 685 dominus
649 665 723 686 domus
731 665 766 686 -seu
776 665 819 692 ejus
829 672 904 693 procu-

154 700 206 716 rator
221 695 337 722 hujusmodi
351 694 466 716 cautionem
482 695 586 716 admittere
600 699 692 716 teneatur
706 702 743 716 nec
757 696 822 717 valeat
835 696 904 717 cautio

154 731 198 747 ante
207 726 286 747 dietum
295 725 368 747 festum
383 725 446 747 san6ti
459 726 557 747 Barnabae
570 725 709 753 expolita-nisi
724 733 761 754 pro
777 727 839 748 domo
852 731 904 748 tunc

153 762 241 780 vacante.
270 756 290 778 Si
304 763 351 777 vero
365 761 436 778 contra
450 756 538 778 formam
552 756 613 784 hujus
627 756 697 778 statuti
711 757 779 778 cautio
794 757 820 778 ab
834 757 904 786 aliquo

153 792 265 817 exponatur
275 788 357 810 nullum
366 787 461 810 effeetum
475 787 558 809 inducat
572 787 636 809 immo
648 787 705 809 liceat
718 788 792 816 hospiti
805 788 871 810 libere,
879 789 904 810 de

152 820 212 840 domo
222 818 257 840 sua
268 818 371 847 disponere
385 818 501 846 hujusmodi
514 818 637 847 expositione
650 819 749 840 cautionis
760 826 802 840 non
812 820 904 841 obstante

153 850 234 871 cessione
253 850 279 871 ab
292 849 337 877 ipso
354 849 461 878 principali
480 849 537 870 alteri
556 849 647 874 facienda
670 850 694 870 de
714 850 757 877 jure
775 850 903 872 inhabitandi

152 888 212 909 quam
222 881 283 902 habet
292 880 378 902 omnino
392 880 475 902 cessante
489 880 566 908 quod'
560 887 592 907 jus
607 880 734 901 inhabitandi
748 881 834 902 eundem
849 886 901 903 tunc

152 913 233 933 demum
247 912 320 932 habere
333 912 427 932 volumus
441 911 489 932 cum
503 912 541 939 pso
556 911 627 938 majou‘
642 916 698 939 parte
708 912 756 932 anni
771 911 902 939 personaliter

152 943 236 965 domum
246 943 271 963 ab
285 949 310 963 eo
324 942 445 964 conduCiam
460 942 601 963 inhabitaverit
615 942 669 970 quod
684 942 698 963 fi
713 949 755 963 non
772 942 841 963 fecerit
858 942 901 971 ipso

152 973 205 994 fafito
214 980 283 994 vacare
293 973 408 994 censeatur.-
424 974 475 994 ltem
489 973 605 1001 principalis
619 980 657 1001 pro
671 973 764 1001 pensione
779 973 841 994 totius
851 973 901 995 anni

151 1004 223 1032 hospiti
232 1004 284 1025 solus
295 1003 431 1025 satisfaciatet
440 1004 465 1024 de
473 1004 552 1024 damnis
561 1004 621 1031 culpa
635 1003 670 1025 sua
678 1008 698 1025 et
708 1004 806 1025 sociorum
818 1004 901 1026 suorum

150 1035 314 1062 contingentibus
324 1034 376 1055 solus
387 1034 503 1063 respondeat
513 1041 539 1055 ne
553 1034 574 1056 in
585 1036 651 1062 plures
666 1035 784 1056 adversarios
793 1035 900 1063 distringa-

151 1071 183 1087 tur
192 1066 230 1094 qui
239 1073 286 1087 cum
297 1072 341 1086 uno
348 1065 456 1086 contraxit.
485 1066 528 1093 Q
536 1066 596 1086 .ultra
609 1065 734 1087 nativitatem
744 1066 806 1087 beatae
816 1066 899 1093 virginis

150 1096 171 1118 in
184 1097 247 1118 domo
261 1096 355 1117 manserit
368 1096 468 1123 condo&a
482 1097 508 1116 ad
522 1096 636 1124 pensionem
653 1096 716 1117 totius
732 1097 782 1117 anni
798 1097 898 1124 sequentis

149 1132 240 1149 teneatur
249 1127 304 1155 quali
314 1127 374 1148 tacite
388 1126 523 1148 reconduxiss'e
532 1127 622 1148 videatur
632 1127 669 1147 nifi
680 1127 775 1148 dominus
784 1128 851 1155 palam
861 1127 898 1148 fibi

149 1158 258 1185 gratuitam
271 1157 385 1179 concesserit
399 1157 551 1179 habitationem.
573 1157 642 1178 Liceat
655 1165 737 1186 quoque
751 1158 838 1178 dominis
853 1158 897 1178 feo-

149 1190 222 1210 dorum
232 1189 254 1210 in
263 1189 331 1210 feodis.
337 1188 376 1209 suis
385 1195 423 1216 pro
433 1188 527 1216 pensione
536 1188 652 1216 distringere
662 1189 770 1209 secundum
781 1188 836 1215 regni
847 1195 897 1209 con-

147 1219 272 1241 suetudinem
282 1227 325 1240 non
335 1226 372 1247 pro
380 1219 474 1248 pensione
488 1224 588 1240 conventa
602 1219 707 1248 temporali
723 1219 752 1240 sed
768 1226 804 1247 pro
815 1219 898 1241 servitiis

147 1251 248 1278 perpetuis
257 1250 334 1271 etiamsi
348 1250 440 1277 magister
449 1250 523 1271 ibidem
537 1250 606 1277 legerit
616 1251 647 1270 vel
661 1250 758 1270 scholares
771 1250 897 1271 inhabitave-

147 1281 189 1303 rint
205 1281 299 1308 pensione
314 1281 397 1302 arbitrio
411 1281 522 1302 cancellarii
536 1285 618 1308 propter
631 1281 669 1300 hoc
685 1287 732 1308 pro
737 1285 781 1301 rata
800 1281 898 1309 temporis

146 1312 278 1333 diminuenda
290 1316 310 1333 et
323 1311 417 1334 interesse
426 1311 559 1333 nihilominus
573 1310 692 1332 condue‘tori
698 1312 824 1339 praestando.
853 1313 897 1332 Vo-

146 1343 215 1364 lumus
224 1343 285 1365 etiam
295 1339 351 1371 quod
358 1342 444 1372 hospites
451 1342 522 1364 domos
531 1342 621 1372 proprias
631 1341 743 1363 inhabitare
752 1343 840 1363 volentes
849 1347 896 1362 ante

822 1373 895 1394 festum

964 130 990 152 37
