1192 1583
249 137 524 162 ELJZABETHAE
543 137 647 162 ΑΝ,1’··
666 139 804 163 EDITA:

144 186 191 209 dine
200 194 262 216 quem
272 192 319 209 ante
328 188 438 216 posuimus.
467 189 494 209 Et
504 188 692 211 fi'defiderabuntur
701 189 804 218 responsor
813 194 849 211 aut
857 190 896 211 dis-

145 223 248 253 putatores
263 219 331 240 eadem
346 219 423 241 muleia
436 219 554 248 imponetur
567 220 655 248 collegiis
665 227 728 248 quarn
742 225 790 241 ante
802 221 896 242 nomina-

146 256 219 270 vimus.

364 336 366 339 ,
395 313 508 340 Mdioerum
516 314 649 342 dxsputationes.

217 369 348 390 EDICINA
357 368 513 397 disputationem
522 369 605 390 habebit
614 376 670 390 nono
679 369 711 390 die
720 369 770 396 jovis
780 370 801 391 in
812 377 897 398 quoquo

224 400 312 421 termino
321 404 358 420 aut
367 400 407 420 alio
417 400 442 421 ad
453 400 579 421 voluntatem
594 400 750 428 proeancellarii.
780 400 897 428 Disputabit

147 430 251 458 praelelitor
264 430 330 458 regius
344 435 380 451 aut
389 430 462 458 aliquis
476 429 548 451 doEtor
557 430 682 459 respondebit
693 431 729 459 qui
743 438 781 459 pro
790 431 858 452 forma
866 432 896 452 lo-

147 468 193 482 tum
203 460 254 489 petit
263 465 299 482 aut
308 461 351 488 ejus
359 460 439 482 defeetu
449 460 522 489 aliquis
535 468 607 482 eorum
617 461 654 489 qui
668 461 771 482 medicina
785 462 834 483 dant
848 469 896 490 ope-

148 498 190 512 ram
200 492 309 513 secundum
320 492 413 513 ordinem
422 490 541 513 senior-itatis
551 491 591 513 suae
600 496 621 513 et
631 492 731 513 auditores
740 492 782 514 duo
792 492 840 521 regii
849 500 898 521 pro-

148 522 221 543 fessoris
231 522 254 544 in
263 523 332 544 eadem
341 522 438 562 facultate
447 526 559 551 opponent.

351 589 468 610 Facultatum
476 588 554 609 omnium
563 588 695 616 dsputationes.

210 644 257 664 UAE
271 643 333 664 rhesae
345 644 376 664 vel
388 628 528 665 conclusiones
542 643 637 665 omnium
650 643 724 664 harum
737 642 898 672 disputationum

224 674 292 695 triduo
301 678 348 695 ante
357 674 411 695 diem
424 674 545 695 destinatum
559 673 690 702 disputationi
700 673 816 695 scholarum
829 674 898 703 publi-

147 711 216 726 carum
227 705 288 726 valvis
297 709 317 725 et
326 705 424 726 cathedrae
432 704 552 733 disputantis
561 711 574 725 a
583 704 713 733 respondente
721 704 830 732 affigantur
839 709 859 725 et
871 705 897 725 ad

148 735 263 763 professores
272 735 381 756 earundem
390 735 517 756 scientiarum
527 739 588 763 atque
598 735 622 756 ad
637 739 775 763 procuratores
790 740 810 756 et
820 741 897 763 praeco-

148 772 207 788 eones
215 766 247 787 die
257 766 331 787 sabbati
340 766 496 794 disputationem
506 765 625 795 praece'denti
634 766 761 787 adducantur
770 766 806 787 sub
820 765 898 787 mula:

144 797 235 818 duorum
245 797 354 819 solidorum
362 797 426 818 eidem
437 796 545 824 infligenda
554 804 601 825 quae
614 797 741 825 praeconibus
755 798 817 818 cedet.
846 798 874 817 Et
883 796 898 821 fi

149 833 238 856 tempore
247 827 283 849 suo
297 827 399 856 responsor
412 827 461 849 defit
474 834 511 849 nec
525 827 574 849 facit
588 827 678 849 officium
692 827 750 849 suum
765 827 898 849 mulc‘tabitur

149 859 184 879 xx·
193 865 283 887 quorum
292 858 354 880 triens
365 865 420 880 unus
434 858 539 880 academia:
548 859 598 880 alter
607 858 668 880 triens
683 858 848 887 procuratoribus
857 862 899 879 ter-

148 889 189 910 tius
197 889 324 917 praeeonibus
334 889 396 911 cedet.

176 952 253 973 Nullus
268 951 361 973 scholari:
375 950 576 979 quocunquegradu
587 955 608 972 et
622 951 706 972 nomine
719 950 821 972 censeatur
834 950 899 972 ullam

147 982 250 1010 publicam
259 982 366 1003 lectionem
376 982 419 1009 eius
428 981 552 1011 profeffionis
560 981 594 1002 cui
601 981 709 1002 destinat-us
719 982 747 1003 est
755 981 838 1003 omittat
845 981 876 1002 sed
885 988 898 1003 a

147 1013 248 1041 principio
257 1013 319 1041 usque
328 1013 353 1034 ad
363 1012 425 1033 finem
434 1012 502 1041 quiete
510 1017 531 1033 et
540 1016 617 1033 attente
626 1012 694 1033 audiat
703 1012 800 1040 nullaque
810 1012 852 1040 ejus
862 1019 898 1033 ex-

147 1043 223 1064 cusatio
232 1043 351 1064 admittatur
360 1042 398 1067 nisi
408 1043 532 1065 infirmitatis
543 1047 579 1064 aut
585 1043 669 1072 alterius
679 1043 821 1071 urgentiffimae
830 1043 897 1064 neces-

147 1074 209 1095 sitatis
220 1074 276 1102 prius
290 1074 321 1095 vel
335 1074 379 1102 post
393 1074 448 1095 intra
456 1074 548 1095 triduum
562 1080 597 1102 per
607 1073 706 1095 absentem
721 1081 733 1094 a
747 1074 833 1095 leffione
842 1073 898 1094 ultro

147 1105 252 1132 alleganda
269 1109 289 1126 et
305 1111 341 1133 per
355 1104 497 1126 cancellarium
510 1102 543 1125 vel
559 1108 698 1132 procuratores
715 1105 825 1133 probanda.
853 1104 898 1131 Qi

147 1135 195 1156 huic
205 1135 328 1156 ordinationi
338 1142 380 1156 non
390 1135 479 1163 paruerit
489 1134 505 1156 is
515 1134 530 1155 fi
539 1141 564 1155 ex
571 1135 618 1156 aula
627 1135 697 1163 aliqua
706 1136 738 1156 vel
745 1135 829 1163 collegio
839 1141 897 1155 com-

147 1173 221 1187 munae
231 1166 340 1194 perceperit
349 1173 387 1194 pro
395 1166 462 1201 prima
471 1164 517 1187 vice'
519 1165 613 1193 'pretium
621 1172 778 1187 communarum
789 1165 849 1186 unius
858 1165 898 1186 diei

148 1203 185 1224 pro
195 1196 279 1218 secunda
288 1196 351 1218 trium
361 1203 398 1225 pro
406 1196 465 1218 tertia
474 1195 535 1217 unius
544 1196 674 1217 hebdomadae
680 1204 719 1225 pro
728 1201 800 1224 quarta
808 1196 897 1217 duarum

149 1227 318 1248 hebdomadarum
329 1227 433 1255 persolvat.
462 1227 524 1255 Qod
533 1226 547 1247 fi
557 1226 642 1254 alicujus
657 1227 778 1254 negligentia
791 1231 811 1247 et
823 1231 898 1248 contu-

148 1257 212 1278 macia
221 1258 303 1285 longius
312 1258 423 1286 processerit
433 1259 476 1286 'pro'
484 1257 567 1284 arbitrio
577 1257 655 1278 domini
665 1257 778 1278 cancellarii
792 1258 896 1286 puniatur.

148 1288 244 1315 Magister
256 1289 326 1317 praeses
340 1287 507 1317 autpraepofitus
522 1287 618 1316 cujusque
632 1288 683 1309 aulae
696 1288 735 1309 five
748 1288 831 1316 collegii
843 1289 896 1310 hanc

148 1319 246 1340 mulaam
260 1320 286 1341 ad
299 1319 476 1341 denunciationem
490 1323 510 1345 et
524 1318 642 1347 petitionem
656 1319 767 1341 cancellarii
783 1320 808 1340 ab
822 1324 846 1340 eo
860 1319 897 1347 qui

480 1351 500 1371 A
510 1356 522 1371 a
788 1350 897 1378 peccaverit

935 143 978 171 ,185
