1192 1583
223 135 263 157 ²5²

461 127 896 149 STATUTAREGINAE

305 175 420 205 pertinebit.
440 176 460 197 Si
464 180 531 197 autem
538 176 644 204 quisquam
652 176 735 197 istorum
743 176 794 197 forte
802 176 890 198 abfuerit
895 176 921 197 ab
929 175 997 204 aliqua
1004 182 1053 197 con-

305 207 422 237 gregatione
430 207 485 228 illius
494 207 563 228 locum
573 207 680 235 occupabit
689 207 753 228 senior
766 207 820 228 illius
830 206 932 228 facultatis
946 211 991 228 turn
1001 213 1053 235 prae—

305 238 362 259 sens:
377 242 397 259 et
406 238 420 259 fi
430 238 476 258 talis
490 245 532 259 non
547 238 657 266 reperiatur
666 242 716 259 tunc
730 238 781 259 alius
796 238 818 259 in
831 238 870 259 alia
880 237 976 258 facultate
989 237 1053 258 senior

306 268 392 297 praesens
401 269 422 289 in
433 268 502 289 senatu
512 269 565 290 illius
577 268 643 291 ,vicem
652 275 677 289 eo
686 274 776 297 tempore
789 273 844 296 geret
853 275 865 289 a
879 268 997 289 cancellario
1006 274 1053 289 evo-

306 304 371 320 catus.
394 300 476 320 Horum
486 304 554 320 autem
568 299 680 320 authoritas
689 300 717 321 est
732 300 754 320 in
763 299 820 320 ornni
835 299 903 320 senatu
913 303 933 320 et
944 305 1054 326 congrega-

306 330 363 351 tione
371 330 395 350 cle
404 330 500 351 omnibus
513 330 645 358 petitionibus
654 330 711 358 prius
725 331 828 351 decernere
837 336 900 358 quam
914 329 939 350 ad
953 329 1054 357 reliquum

306 361 399 381 {enatum
408 360 523 381 deferantur
533 360 562 381 ita
573 365 595 381 ut
605 361 644 381 illae
658 361 727 388 gratiae
737 360 782 382 solae
791 361 930 389 approbentur
937 364 958 381 et
968 360 1054 387 regenti-

288 408 290 410 .
306 392 345 412 bus
354 398 377 411 ac
387 391 554 418 non-regentibus
569 396 710 419 proponantur
719 391 740 412 in
751 398 801 419 quas
809 398 880 412 eorum
890 390 962 418 finguli
971 390 1053 411 consen-

305 421 366 442 serint
375 425 396 442 et
404 428 446 442 non
456 422 506 442 aliae.
531 422 557 442 Et
565 422 579 442 fi
589 422 698 449 quicquam
709 428 721 442 a
730 422 798 443 senatu
807 426 889 450 petatur
896 422 928 442 vel
935 422 1055 442 concedatur

306 452 362 480 quod
371 459 414 473 non
424 452 448 472 fit
455 452 512 480 prius
519 452 603 473 istorum
612 452 688 479 judicio
696 457 716 473 et
725 452 800 473 affensu
809 452 964 481 comprobatum
974 452 1054 473 nullum

306 483 345 504 erit
354 482 440 503 omnino
450 487 469 503 et
479 482 589 503 invalidum
599 483 635 503 nifi
645 482 676 504 his
686 483 757 504 nostris
767 483 846 504 statutis
856 483 914 504 aliter
923 487 1005 505 cautum
1014 482 1044 503 fit.

335 545 460 573 chnque
469 545 530 566 fuerit
544 545 569 566 ad
579 545 717 573 magistratum
728 546 750 567 in
761 547 862 568 academia
870 547 979 574 gerendum'
988 546 1055 575 legiti-

306 576 346 598 mis
356 575 453 603 suffragiis
463 576 534 596 ascitus
548 576 581 597 ille
596 576 734 603 magistratum
743 577 838 605 suscipere
853 583 895 599 non
909 577 1006 599 recusabit
1019 584 1054 599 aut

306 606 395 628 tardabit
403 606 440 627 nist
449 606 521 633 justam
536 606 668 628 excusationis
681 608 760 629 eausam
769 608 859 629 attulerit
869 609 895 630 ab
908 608 947 629 illis
961 615 1055 637 compro—

306 637 396 659 bandam
404 644 493 665 quorum
503 636 600 665 suffragiis
609 637 683 659 ele6tus
691 637 738 659 fuit.

336 697 390 718 Illud
400 701 468 718 autem
478 697 535 718 omni
544 697 648 725 diligentia
657 703 677 719 et
686 698 780 720 cautione
790 699 904 721 observetur
912 704 936 721 ut
946 700 968 721 in
982 707 1055 728 procu-

308 728 409 749 ratoribus
424 732 445 749 et
457 728 581 752 taxatoribus
595 729 767 756 quemadmodum
783 735 803 751 et
815 730 838 751 in
849 731 924 752 caeteris
937 731 1056 759 magistrati-

308 759 347 779 bus
362 758 456 786 eligendis
472 763 493 779 et
509 759 638 786 nominandis
656 767 725 781 omnes
744 767 833 788 quorum
850 761 930 782 interest
945 761 967 783 in
978 762 1056 790 primi:

309 789 412 811 elaborent
425 794 450 810 ut
464 796 515 817 quos
529 794 587 810 aetate
596 790 708 812 eruditione
721 791 818 819 gravitate
831 795 852 813 et
861 792 967 821 prudentia
977 798 1057 814 eaetetor

309 819 386 841 anteire
395 820 484 846 judicent
493 827 527 841 eos
537 820 577 841 live
590 826 680 848 regentes
693 822 731 843 five
740 827 883 851 non-regentess
893 823 932 845 fint
942 823 967 845 ad
981 830 1056 845 munus

309 850 415 872 academiae
425 850 570 879 suscipiendum
578 851 659 880 eligant.

574 926 608 946 De
616 926 723 948 cancellarii
730 927 790 955 ficio.

573 979 591 999 C
619 981 639 1001 Α
667 980 690 1001 P.
726 981 793 1002 XLII.

311 1031 596 1086 CANCELLARIUS
614 1033 732 1062 potestatem
746 1035 828 1057 habebit
841 1036 866 1057 ad
881 1043 951 1058 ornnes
964 1037 1057 1059 omnium

372 1062 532 1084 scholasticorum
546 1067 608 1091 atque
621 1063 683 1085 etiam
697 1071 767 1087 eorum
781 1066 906 1089 famulorum
917 1068 1057 1089 controverfias

310 1092 419 1115 summarie
427 1098 448 1114 et
456 1093 497 1114 fine
507 1094 548 1115 ulla
557 1094 607 1121 iuris
617 1094 733 1117 solennitate
743 1102 816 1125 pra-,ter
822 1097 879 1119 illam
886 1105 950 1126 quam
959 1105 997 1120 nos
1007 1106 1058 1127 prae-

311 1123 420 1145 seribemus
430 1123 537 1146 secundum
547 1124 579 1151 ius
589 1125 646 1146 civile
655 1130 676 1147 et
685 1133 756 1149 comm
765 1128 868 1156 privilegia
877 1133 898 1149 et
906 1129 1058 1152 consuetudines

308 1158 359 1175 -tum
371 1154 479 1176 audiendas
491 1160 536 1177 tum
544 1155 665 1178 dirimendas
674 1157 700 1178 ad
709 1159 873 1186 congregationes
881 1160 1026 1187 graduatomm
1040 1166 1060 1183 et

311 1184 474 1207 scholasticorum
484 1187 621 1208 convocandas
630 1188 655 1209 ad
662 1188 755 1210 homines
760 1189 832 1217 dignos
840 1190 935 1218 gradibus
942 1191 1060 1213 scholasticis

308 1217 415 1238 ornandos
423 1216 460 1244 qui
469 1216 539 1238 omnia
547 1217 619 1238 munia
632 1218 745 1240 scholastica
757 1220 789 1241 hi:
798 1225 894 1242 contenta
903 1222 982 1243 statutis
992 1223 1059 1251 exple„

311 1246 377 1268 verint
386 1252 406 1268 et
415 1248 440 1268 ad
449 1247 543 1275 indignos
552 1247 668 1279 rejiciendos
677 1250 703 1270 ab
717 1250 784 1272 iisdem
794 1255 814 1272 et
823 1252 946 1280 repellendos
955 1253 979 1274 ad
989 1260 1059 1275 omnes

311 1283 383 1298 eorum
396 1277 502 1299 violatores
516 1279 629 1307 puniendos
643 1280 668 1301 ad
681 1281 828 1308 providendum
842 1287 936 1310 praeterea
949 1288 974 1304 ut
987 1284 1059 1312 finguli

312 1308 418 1329 academiae
428 1309 513 1330 ministri
524 1309 546 1331 in
560 1309 596 1331 suo
609 1310 676 1332 officio
690 1311 709 1332 se
717 1312 835 1334 contineant
848 1313 932 1341 ignavos
945 1314 1060 1343 grassatores

313 1338 386 1360 misna
391 1338 512 1368 diffipatoree
522 1345 650 1364 contumaces
659 1349 696 1364 nec
707 1343 820 1366 obedientes
827 1344 951 1373 suspenfione
959 1346 1060 1374 graduum

310 1384 313 1387 ,
987 1383 1062 1399 carcere
