1192 1583
358 344 975 416 sTaTUTAANTrQUA

391 473 431 493 IN
450 471 632 494 ORDINEM
651 471 729 493 NON
746 471 940 492 REDACTA-

316 602 350 623 De
358 601 470 624 cautionibus
478 602 567 623 dammn-
573 606 612 623 tam
621 600 693 630 injure
700 602 783 623 canonico
793 609 847 630 quam
855 602 911 624 civili
919 603 1012 625 ordinarie

485 633 580 661 legentium
585 632 735 661 procuratoribus
743 633 852 655 exhibendis.

354 726 480 747 decretorum
493 725 564 746 dostor
579 724 593 746 sr
608 725 629 746 in
644 725 712 746 nostra
725 725 853 746 universitate
866 732 944 747 moram
959 726 1041 748 traxerit

353 761 373 777 et
387 757 451 784 legere
465 756 551 777 voluerit
564 756 586 777 in
604 756 677 777 ultima
694 755 849 784 congregatione
865 757 978 784 regentium
992 762 1039 785 ante

287 787 415 809 nativitatem
421 786 483 808 sanai
489 786 588 814 Johannis
595 786 685 815 baptistae
690 794 758 808 coram
765 786 884 808 cancellario
890 788 921 809 vel
927 788 969 815 ejus
975 788 1038 810 vicem

288 818 368 847 gerenti
375 817 396 839 e't
408 817 572 846 procuratoribus
586 825 624 846 pro
638 822 683 839 toto
696 817 786 846 sequenti
800 825 855 839 anno
865 817 940 840 scholas
954 819 993 840 suae
1007 819 1039 840 fa-

288 848 369 870 cultatis
380 849 491 870 conducere
500 853 593 870 teneatur
602 848 677 877 quibus
692 849 717 870 fic
726 848 832 870 conduffis
845 849 902 870 alteri
912 849 996 871 minime
1006 850 1038 870 lo-

287 879 342 902 cabit
357 884 377 900 et
393 879 418 900 de
432 879 570 900 satisfaciendo
586 879 696 900 secundum
713 887 790 901 morem
805 879 859 901 infra
874 879 972 908 sequentis
989 880 1038 902 anni

286 694 340 776 S
345 695 366 716 T
372 696 391 716 A
397 695 417 716 Τ
423 696 444 716 U
451 695 492 716 IM
497 695 518 715 U
524 696 536 716 S
551 698 571 716 et
584 694 701 716 ordinamus
716 694 771 722 quod
785 694 850 715 senior
862 694 955 723 deinoeps
968 702 1038 724 regens

272 908 274 910 ’
287 910 374 939 spatium
384 914 404 931 et
413 909 536 931 univerfitati
550 914 570 931 et
584 910 664 931 bedenis
678 911 751 932 realem
765 910 805 939 ipse
815 910 929 932 cautionem
944 912 968 932 ad
983 911 1038 932 valo-

286 948 330 963 rem
339 945 428 969 quatuor
437 947 551 962 marcarum
561 940 627 962 statim
642 941 664 962 in
678 941 747 962 eadem
757 941 911 969 congregatione
921 942 1038 970 priusquam

286 972 331 993 suas
341 972 416 993 scholas
425 971 544 993 conduxerit
554 971 575 993 in
586 979 658 993 manus
673 971 754 993 alterius
768 976 923 1000 procuratorum
936 972 1037 1000 deponat:

287 1003 343 1031 quod
352 1002 366 1024 fi
376 1009 417 1023 non
428 1002 496 1023 fecerit
510 1009 547 1023 nec
558 1009 593 1031 per
602 1002 620 1023 se
630 1002 695 1031 ipsum
706 1002 805 1024 ordinarie
819 1009 855 1023 nec
866 1009 900 1030 per
914 1002 977 1024 alium
993 1010 1038 1024 om-

286 1034 338 1055 nino
347 1034 410 1061 legere
420 1033 555 1061 permittatur.
579 1035 642 1061 Leget
651 1033 731 1061 insuper
740 1033 837 1061 praefatus
851 1033 915 1054 senior
923 1040 993 1062 regens
1003 1041 1038 1062 per

286 1064 371 1093 seipsum
381 1064 480 1085 ordinarie
490 1069 510 1085 et
524 1071 566 1085 non
577 1071 613 1093 per
624 1064 686 1085 alium
696 1071 732 1092 per
746 1064 873 1085 medietatem
887 1064 955 1086 saltem
970 1065 1037 1092 cujus-

286 1096 335 1117 libet
344 1095 424 1116 termini
434 1095 537 1122 majorem.
561 1095 624 1122 Qod
635 1095 649 1115 fi
663 1094 761 1116 lesturam
775 1095 792 1116 is
807 1094 876 1123 sponte
885 1095 969 1116 deserere
978 1096 1037 1116 volu-

284 1127 324 1147 erit
334 1131 378 1147 tum
389 1125 453 1147 senior
463 1126 507 1154 post
516 1132 563 1147 eum
574 1126 595 1147 in
605 1127 673 1147 eadem
688 1125 784 1147 facultate
798 1133 867 1153 regens
882 1125 918 1154 qui
927 1126 990 1154 legere
999 1133 1037 1147 vo-

285 1157 346 1178 luerit
360 1156 448 1177 formam
463 1156 579 1184 praedictam
593 1156 678 1178 firmiter
691 1156 816 1178 observabit:
831 1163 867 1178 nec
881 1156 929 1177 huic
943 1164 1036 1185 unquam

286 1188 362 1209 statuto
372 1187 478 1214 derogetur
488 1187 559 1215 quovis
574 1188 637 1209 modo
647 1187 683 1208 nisi
693 1194 727 1215 per
737 1188 821 1208 modum
830 1187 899 1215 gratiae
909 1194 957 1208 cum
965 1188 1036 1209 eodem

284 1218 413 1247 dispensetur.
438 1218 549 1248 Statuimus
560 1218 640 1245 insuper
649 1222 670 1238 et
679 1217 797 1239 ordinamus
807 1218 862 1246 quod
877 1218 899 1239 in
907 1219 975 1239 eadem
986 1225 1035 1240 con-

285 1248 400 1276 gregatione
410 1248 481 1269 doffior
489 1248 511 1269 in
521 1247 629 1276 jure,civifi
643 1255 713 1276 regens
722 1249 758 1276 qui
768 1256 823 1270 anno
833 1248 923 1276 sequenti
931 1248 976 1276 jura
986 1249 1035 1270 civi-

285 1280 313 1300 lia
323 1278 422 1300 ordinarie
431 1279 500 1307 legerit
509 1284 618 1307 antequam
628 1279 667 1300 suae
677 1279 779 1300 facultatis
794 1279 869 1300 scholas
883 1280 1002 1300 conduxerit
1011 1280 1036 1301 de

285 1309 423 1331 satisfaciendo
433 1310 486 1331 infra
497 1317 574 1332 annum
583 1315 604 1331 et
614 1310 737 1331 universitati
751 1315 770 1331 et
781 1310 861 1331 bedellis
872 1310 986 1331 cautionem
996 1310 1036 1339 ipse

283 1340 367 1370 triginta
377 1340 438 1362 trium
450 1340 557 1362 solidorum
566 1346 586 1363 et
597 1342 626 1363 ιν·
633 1341 762 1363 denariorum
776 1341 799 1363 in
808 1340 869 1362 unius
879 1346 1034 1370 procuratorum

962 1379 1036 1394 manus
