1192 1583
239 118 588 140 ELIZABETHAEAN.
608 119 640 140 1¹⁸
660 119 792 142 Eut-TA.

134 222 383 249 INJUNCTIONES
404 213 584 252 A'CADEMxAE
604 222 888 244 CANTABRIGIENSI

376 264 391 285 P
402 264 420 284 R
431 264 457 285 AE
467 265 479 284 S
490 265 507 285 C
517 264 582 285 R1P
592 265 613 285 T
622 265 655 284 AE.

139 324 141 326 ¹
169 320 297 349 'INGUm'
303 331 392 355 regentes
401 331 422 348 et
428 319 593 355 non-regentes'a
602 321 758 355 congregatione
768 328 838 356 aliqua
847 328 888 350 fine

185 358 243 379 venia
251 365 267 381 a*
272 357 390 379 cancellario
399 357 505 386 impetrata
514 357 633 379 discedentes
644 365 670 379 xi
677 357 696 379 1⁴¹
706 358 837 380 mulctentur.

166 420 191 440 In
200 418 296 445 omnibus
305 418 438 446 congreffibus
453 417 621 446 disputationibus
631 423 650 440 et
660 419 791 440 concionibus
800 420 886 448 publicis

136 449 241 470 inferiores
250 449 323 476 gradus
333 449 466 477 superioribus
475 449 519 469 loca
526 449 597 469 cedent
606 454 626 470 et
636 449 672 477 qui
681 449 735 470 infra
744 450 885 485 magistrorum

137 480 212 501 artium
222 479 307 507 gradum
317 479 364 500 sunt
373 483 442 507 aperto
450 479 514 507 capite
523 479 594 500 astent.

165 540 243 568 Singuli
252 540 312 561 etiam
322 544 411 568 regentes
421 544 440 561 et
450 544 593 567 non-regentes
604 540 639 568 qui
654 540 675 561 in
686 539 787 562 academia
797 542 884 563 maxime

135 571 289 592 commorantur
297 575 317 591 et
326 570 379 591 intra
388 571 488 591 ambitum
502 570 607 591 academiae
622 570 668 591 sunt
677 576 697 594 et
707 572 771 593 vocati
782 572 807 593 ab
816 572 884 600 aliqua'

135 600 289 629 congregatione
299 601 371 622 absunt
383 609 391 622 ι
398 604 414 622 ι·
425 596 549 622 malaeum:
558 601 615 628 cujus
626 601 707 622 mulflae
714 601 837 623 dimidium
832 608 884 624 inter

135 631 275 653 cancellarium
285 636 305 652 et
314 636 452 659 procuratores
466 631 570 659 aequaliter
583 630 684 652 dividatur
693 632 800 672 dimidium
814 639 882 654 autem

136 661 241 683 academiae
250 662 364 689 asfignetur.

163 725 193 744 Ut
203 722 303 744 sententiae
312 728 382 744 omnes
396 722 418 743 in
428 721 589 743 scholasticorum
603 721 664 742 causis
675 718 782 742 tractandis
797 721 835 742 {ive
849 721 881 743 in-

135 753 267 775 terlocutoriae
277 753 314 774 five
327 752 434 773 definitivae
448 759 460 773 a
474 752 629 780 procancellario
642 751 680 772 live
689 751 822 772 commiss'ario
835 752 882 774 latae

134 785 186 806 clare
195 788 304 806 cernantur
313 783 418 812 registrum
428 782 452 804 fit
461 782 484 804 in
493 789 534 811 quo
544 782 645 804 sententia·¹
654 783 700 803 latae
710 782 867 805 conscribantur.

161 846 226 868 Nulla
231 845 349 874 gladiatoria
355 830 456 866 lanistaria
464 849 500 865 aut
509 844 609 866 saltatoria
617 844 682 865 schola
689 851 726 865 nec
735 845 818 866 taberna
827 846 880 867 alea-

134 877 186 898 toria
195 877 248 898 intra
257 877 296 897 hoc
305 875 403 904 oppidum
414 875 549 903 Cantabrigiae
560 875 583 896 fit
594 880 629 896 aut
638 875 783 903 frequentetur.

160 938 203 965 Qi
214 938 235 959 in
245 937 312 965 aliqua
321 936 475 964 congregatione
487 936 643 964 procancellario
657 936 744 964 aliquem
759 943 796 965 pro
810 937 880 965 aliquo

132 969 195 997 gradu
205 968 327 996 suscipiendo
337 967 441 996 praesentat
451 967 544 987 consueta
553 967 660 988 verborum
669 967 736 988 forma
745 971 822 988 utatur.

159 1025 328 1052 Proeancellarius
348 1025 500 1046 baccalaureum
518 1024 625 1052 theologia:
641 1024 749 1046 admittens
764 1025 796 1046 his
811 1024 877 1047 verbis

131 1062 201 1078 utatur
210 1056 359 1077 “Admittimus
368 1060 389 1076 te
397 1056 422 1076 ad
432 1055 567 1077 enarrandum
576 1062 646 1076 omnes
656 1055 773 1084 apostolicas
783 1056 879 1084 epistolas

131 1087 152 1108 in
161 1087 245 1108 nomine
254 1086 319 1108 Patris
328 1087 378 1107 &c.”
401 1085 512 1107 Dodbrern
521 1091 588 1107 autem
599 1086 706 1107 admittens
717 1086 745 1107 ita
755 1086 806 1107 dicet
818 1087 876 1107 “Ad-

130 1118 230 1139 mittimus
240 1118 293 1138 tead
307 1116 479 1144 interpretandum
493 1121 513 1137 et
527 1116 663 1143 profitendum
677 1116 788 1138 universam
803 1117 877 1138 sacram

130 1149 248 1177 scripturam
255 1152 296 1169 tam
302 1147 372 1168 veteris
380 1153 442 1175 quam
451 1146 499 1167 novi
508 1146 620 1167 testamenti
629 1147 650 1168 in
660 1147 743 1168 nomine
753 1147 818 1168 Patris
826 1148 877 1168 ὕει’·

157 1206 200 1235 Qi
214 1206 239 1227 ad
252 1205 373 1226 academiam
385 1205 457 1232 viginti
472 1210 560 1233 quatuor
575 1212 639 1226 annos
654 1204 697 1226 nati
711 1206 808 1227 accedunt
822 1210 842 1226 et
858 1205 876 1226 se

129 1237 194 1259 studio
203 1236 309 1263 theologiae
319 1240 372 1256 totos
382 1236 465 1256 tradunt
475 1236 489 1256 si
502 1235 658 1263 procancellario
667 1236 781 1262 regentibus
791 1240 811 1257 et
821 1243 875 1257 non-

129 1267 243 1296 regentibus
253 1273 288 1294 per
298 1266 382 1294 gratiam
393 1266 471 1294 publice
481 1266 602 1294 propositam
612 1266 637 1286 ad
647 1266 666 1286 id
676 1266 742 1286 idonei
752 1266 875 1288 videbuntur

126 1299 171 1326 post
181 1298 291 1319 triennium
300 1303 370 1317 omnes
380 1296 494 1323 hujusmodi
507 1295 629 1317 scholasticas
643 1296 793 1318 exercitationes
807 1298 875 1319 colant

127 1336 172 1358 quae
183 1329 208 1349 ad
222 1327 326 1356 magistros
340 1327 415 1348 artium
429 1327 455 1347 ad
469 1326 591 1354 theologiam
604 1326 707 1347 conversos
722 1327 823 1356 [ῃεξὶαιπ.
839 1335 874 1355 ρει·

785 1363 875 1386 quatuor

932 128 973 150 1⁹9
