1192 1583
200 119 241 147 156

464 111 685 135 'STATUTA
713 108 852 133 REGIS

285 171 305 189 et
315 153 419 195 separatim
429 155 481 192 leget
494 168 515 185 et
523 163 557 185 ille
571 161 737 192 procancellarius
747 161 785 182 erit
794 167 855 190 quem
865 159 929 188 major
936 166 983 189 pars
993 160 1039 183 suf.

284 197 353 226 fragiis
363 196 402 218 suis
411 195 499 224 elegerit.

391 263 425 284 De
433 261 514 282 electione
519 263 658 289 procuratorum
666 263 684 280 et
692 258 819 286 aediliumſsve
827 262 939 279 meatorum.

334 316 562 339 ROCURATORUM
576 319 596 336 et
605 314 693 336 aedilium
709 314 746 335 five
757 317 872 334 taxatorum
886 313 957 334 electio
967 314 1042 342 postri-

344 349 375 370 die
385 347 491 370 Michaelis
499 346 537 367 erit
546 353 588 374 quo
602 350 693 373 tempore
703 349 841 373 procuratores
849 349 870 365 et
881 348 980 365 taxatores
990 346 1042 367 anni

288 379 385 408 praeteriti
397 385 480 399 munere
494 377 530 398 suo
539 377 558 398 se
568 376 691 397 abdicabuut
701 380 720 397 et
734 375 840 396 confestim
854 375 961 403 postquam
969 375 1000 396 illi
1015 376 1042 397 ab

287 411 328 432 hoc
337 416 420 431 munere
434 407 552 430 discefferint
560 407 601 428 fine
610 407 652 428 ulla
661 406 804 428 intermiffione
813 406 838 427 ad
848 405 965 427 eleffionem
975 413 1042 428 novo-

281 448 336 462 ·rum
348 440 469 469 procedatur
475 439 500 460 ad
514 439 569 460 hunc
577 438 669 463 modum.
697 436 834 458 Cancellarius
847 437 927 458 duobus
942 437 1043 465 magistris

289 472 365 493 artium
379 470 489 492 senioribus
500 468 603 497 affumptis
616 468 638 489 in
648 467 744 489 scrutinio
753 467 813 489 stabit
826 472 846 489 et
860 467 890 488 illi
904 467 938 489 sua
951 467 1043 496 ipsorum

288 501 402 530 conscripta
411 500 504 528 suffrag-la
511 500 572 528 primi
577 499 643 521 ferent
649 499 720 520 deinde
728 498 822 519 omnium
832 498 918 519 aliorum
927 498 1043 526 regentium

291 532 364 561 scripta
377 531 470 559 suffragia
483 531 593 559 accipient:
608 537 654 558 quae
668 530 732 551 senior
745 529 838 557 magister
852 529 927 550 artium
940 534 1009 558 aperte
1022 534 1043 551 et

292 563 398 592 separatim
406 563 461 590 leget
469 562 539 590 illique
552 559 613 582 exunt
622 564 761 589 procuratores
775 564 812 581 aut
825 565 924 581 taxatores
934 568 986 589 quos
996 567 1042 583 ma-

292 595 325 623 ior
334 601 380 623 pars
389 593 517 622 praesentium
527 591 624 619 suffragiis
635 591 674 613 suis
684 591 771 619 elegerit.

396 659 429 680 De
434 662 539 687 praeconum
542 657 577 685 fiu
585 654 679 678 viatorum
689 664 761 678 numero
768 656 824 685 qfficio
832 660 850 677 et
858 656 945 678 eleffione.

359 714 417 735 RES
432 717 492 734 erunt
502 719 603 741 praecones
614 711 647 733 seu
656 712 742 733 viatores
751 710 845 739 armigeri
854 711 898 739 pari
908 711 953 733 loco
962 718 986 733 ac
995 718 1043 734 mu-

371 750 419 765 nem
432 748 453 764 et
466 750 521 764 unus
534 742 634 765 inferioris
648 742 796 773 locisbedeuus.
835 742 920 767 Illorum
934 742 949 764 fi
961 743 1045 771 quando

296 782 373 797 munus
383 774 481 796 vacaverit
490 773 618 796 cancellarius
632 773 710 794 curabit
719 773 894 802 congregationem
902 773 1015 802 regentium
1024 777 1045 795 et
1070 793 1075 797 ,

270 819 272 821 -
296 806 465 833 non-regentium
478 805 533 826 intra
546 804 638 825 triduum
651 804 674 825 in
688 804 758 825 horam
768 811 845 825 nonam
860 804 995 832 subsequentis
1006 804 1045 826 diei

296 837 415 857 vocandam.
444 837 501 857 Tum
510 835 639 857 cancellarius
650 839 671 856 et
685 839 823 863 procuratores
838 835 904 864 primo
913 835 948 856 sua
955 835 1046 864 ipsorum

297 866 392 895 suffragia
410 866 481 894 scripta
501 866 567 887 ferent
580 866 652 887 deinde
668 870 787 887 caeterorum
807 866 934 895 praesentium
951 866 1046 895 omnium
1079 871 1084 875 ⁸

299 897 371 926 scripta
381 897 474 925 suffragia
488 896 591 925 accipient.
620 896 702 924 Qibus
716 897 784 925 palam
798 904 820 918 ac
835 897 938 925 separatim
952 904 987 925 per
996 897 1047 918 seni-

300 935 357 949 orem
374 926 525 956 procuratorem
535 927 598 948 Jeffia
611 927 645 948 ille
657 934 722 956 praeco
735 927 887 949 renunciabitur
904 934 966 955 quem
982 928 1047 955 major

299 958 453 986 suffragantium
469 965 514 986 pars
527 958 608 986 elegerit
622 965 683 986 quem
698 958 826 979 cancellarius
837 958 967 985 jurejurando
979 959 1047 980 astric-

299 994 346 1010 tum
357 990 381 1010 ad
390 990 430 1010 hoc
440 996 515 1010 munus
525 989 625 1010 admittet.
653 989 762 1010 Pecuniam
777 993 845 1010 autem
855 989 944 1017 aliquam
954 993 991 1010 aut
1000 996 1047 1011 mu-

299 1027 340 1041 nus
349 1019 431 1048 aliquod
441 1026 506 1048 neque
513 1019 641 1040 cancellarius
650 1026 716 1048 neque
722 1024 861 1047 procuratores
868 1026 934 1047 neque
941 1020 1047 1048 quisquam

301 1050 353 1072 alius
363 1051 476 1078 regentium
490 1054 526 1071 aut
540 1050 706 1077 non-regentium
720 1057 756 1072 nec
771 1050 944 1074 anteeleffionem
955 1057 991 1071 nec

301 1088 341 1109 pro
350 1081 386 1102 suo
395 1081 488 1109 suffragio
499 1081 529 1102 vel
539 1081 627 1109 requirat
641 1081 672 1102 vel
681 1081 773 1102 oblatum
782 1081 867 1109 accipiat
881 1081 911 1102 sed
921 1088 954 1102 eos
963 1082 988 1102 ad
998 1080 1049 1108 ejus·
1068 1082 1070 1084 ’

300 1112 358 1133 modi
368 1119 451 1133 munera
459 1112 499 1133 fine
507 1112 548 1132 ulla
555 1111 650 1133 mercedis
660 1112 798 1140 expectatione
807 1116 843 1133 aut
853 1111 967 1140 acceptione
976 1112 1049 1139 eligent

302 1150 355 1171 quos
365 1143 452 1164 maxime
464 1143 546 1163 idoneos
561 1147 622 1169 atque
631 1147 688 1171 aptos
698 1142 835 1169 judicaverint.
863 1144 890 1164 Et
901 1142 914 1163 fi
925 1142 970 1170 quis
980 1146 1050 1164 contra

303 1173 372 1195 fecerit
381 1178 479 1201 perpetuo
491 1173 573 1194 infamis
588 1173 619 1199 jus
629 1173 718 1200 suffragii
731 1173 821 1203 amittat.
848 1174 877 1194 Et
886 1180 1004 1201 quanquam
1015 1180 1049 1193 vo-

305 1204 373 1225 lumus
389 1210 557 1231 unumquemque
578 1210 695 1231 praeconum
714 1208 750 1224 aut
766 1204 869 1225 viatorum
887 1204 912 1224 sic
927 1203 1013 1224 electum
1031 1202 1060 1224 et'

299 1234 410 1255 admissum
421 1235 445 1255 ad
454 1241 515 1255 omne
529 1239 608 1262 tempus
622 1234 668 1255 vitae
683 1234 722 1255 suae
731 1234 752 1255 in
762 1234 801 1255 hoc
809 1234 875 1255 officio
889 1241 1005 1262 permanere
1014 1233 1050 1255 nifi

305 1265 388 1292 inlignis
396 1265 464 1293 aliqua
473 1265 532 1293 culpa
546 1264 600 1286 illius
614 1264 749 1293 expulfionem
760 1270 822 1293 atque
834 1265 951 1292 ejeffionem
967 1265 1053 1293 requirat

306 1302 349 1324 quo
358 1295 473 1323 diligentius
482 1296 503 1317 in
513 1295 580 1318 officio
589 1295 690 1317 versentur
695 1295 754 1317 iidem
762 1302 862 1324 praecones
873 1300 909 1317 aut
916 1295 1001 1317 viatores
1010 1294 1053 1323 post

305 1327 307 1329 ’
981 1326 1053 1347 festum
