1192 1583
393 107 614 137 stATu‘rA
643 107 869 140 AsserQUA.

254 162 325 184 scholis
334 161 385 183 lecta
396 161 472 184 fuerint
486 160 578 182 audierit.
607 162 657 182 Item
673 160 728 189 quod
738 160 760 182 in
774 160 845 182 scholis
854 160 894 182 suae
905 160 1007 185 facultatis

255 193 364 215 secundum
374 193 495 220 exigentiam
506 192 535 213 sui
545 191 607 213 status
617 191 697 220 publice
711 191 827 220 opposuerit
836 194 855 212 et
864 192 934 214 saltem
943 193 1008 215 tribus

256 224 354 252 magistris
364 224 451 251 ejusdem
465 223 568 244 facultatis
581 223 604 244 in
618 229 689 246 eorum
704 222 874 251 disputationibus
888 224 962 251 pariter
977 232 1008 246 re.

255 255 369 284 sponderit:
380 255 408 276 ita
417 255 471 283 quod
482 254 524 281 eius
534 254 608 275 notitia
617 254 639 275 in
649 253 725 276 statura
732 254 823 275 moribus
833 259 854 275 et
863 254 945 276 scientia
954 256 1011 284 apud

255 287 359 314 magistros
374 286 428 307 illius
444 285 545 307 facultatis
556 285 601 313 jure
616 285 677 306 fuerit
692 285 803 313 approbata
817 285 875 312 cujus
891 287 1009 314 approbati—

253 324 316 339 onem
324 317 448 338 authoritate
458 316 570 338 cancellarii
581 320 601 337 et
615 316 678 337 totius
693 315 827 342 universitatis
836 316 862 337 fic
876 316 920 337 fore
933 317 1009 338 intelli-

253 349 341 377 gendam
351 348 475 369 decernimus
486 347 559 368 scilicet
572 348 627 375 quod
643 347 734 375 quinque
743 347 833 375 magistri
846 347 922 369 artium
936 348 959 369 in
968 345 1012 370 vir-'

255 384 300 401 tute
309 378 419 407 juramenti
429 378 552 399 universitati
562 377 644 406 praestiti
654 378 757 406 deponant
766 378 790 399 de
804 377 884 399 scientia
893 383 913 399 et
922 379 956 400 alii
965 378 1009 407 sep-

256 415 298 432 tem
308 410 395 438 ejusdem
404 409 506 431 facultatis
516 409 540 430 de
550 409 668 430 credulitate
677 409 690 422 '⁴‘
700 409 731 429 vel
740 409 765 429 de
774 408 855 430 scientia
864 409 920 437 quod
929 409 965 431 fiat
973 417 1012 438 per

255 441 374 463 scrutinium
384 440 441 468 juxta
451 439 621 461 examinationem
635 439 747 461 cancellarii
758 444 778 460 et
790 445 945 468 procuratorum
956 445 1012 469 prae:

255 472 346 493 tentante
354 479 398 493 non
407 467 516 493 existente'
511 478 533 492 ιιι
543 470 640 492 scrutinio
650 475 670 492 et
679 476 729 492 tunc
740 471 822 492 demum
833 471 952 493 admittatur
961 479 1009 493 cum

256 503 344 525 formam
354 502 412 524 istam
426 501 445 524 se
457 501 584 531 complevifle
598 500 700 529 juraverit.
723 502 816 523 Numero
832 508 879 523 vero
894 502 916 524 in
932 502 1009 524 artibus

255 534 370 562 regentium
388 532 413 555 ad
428 532 535 554 duodecim
552 540 595 555 non
612 532 693 554 extenso
710 539 753 554 una
770 532 865 554 medietas
882 534 969 562 deponat
984 534 1010 555 de

256 565 337 586 scientia
346 569 366 586 et
376 564 415 585 alia
424 564 519 585 medietas
528 565 553 585 de
562 564 679 585 credulitate
689 563 704 585 fi
713 570 770 592 pares
780 564 857 585 fuerint
866 569 887 586 et
895 563 910 586 si
923 564 1010 593 impares

256 596 343 618 excess'us
352 595 460 617 scientibus
470 595 609 626 relinquatur.-

407 660 440 688 87.
462 660 493 680 De
501 659 583 681 tleHiant
592 660 651 681 trium
660 660 754 682 ordinarit
761 661 863 689 legentium.

257 715 373 770 ITEM
381 715 479 736 statutum
493 715 522 736 est
535 715 591 743 quod
605 714 688 744 singulis
703 716 762 738 annis
776 722 839 745 prope
852 715 915 737 finem
928 716 1012 739 tennini

294 746 385 767 aestivalis
394 746 511 774 eligantur
504 754 527 767 ιιι
536 745 631 768 futurum
641 753 676 776 per
686 752 775 775 regentes
784 751 823 768 tres
835 747 935 776 magistri'
930 755 952 769 m
962 748 1011 769 arti-

258 777 297 799 bus
307 782 396 806 regentes
406 779 431 799 ad
441 778 549 805 legendum
563 778 682 799 ordinarie
677 786 699 799 m
713 777 788 799 scholis
797 778 884 806 publicis
898 785 935 807 pro
945 778 1012 801 fornia

259 808 399 830 scholarium
393 816 416 830 m
430 809 497 830 eadem
508 808 604 830 facultate
614 809 737 831 studentium
747 816 837 837 quorum
848 816 902 830 unus
912 809 965 838 legat
973 817 1013 839 pro

260 835 392 860 scholaribus
392 839 454 868 primi
462 842 483 860 'et
493 839 573 861 secundi
583 840 632 861 anni
642 840 703 862 libros
711 838 850 862 humani-tatis
853 840 949 862 secundus
959 841 1012 869 legat

260 870 347 898 logicam
357 870 479 892 scholaribus
488 877 527 899 pro
536 870 603 892 forma
613 871 665 893 tertii
675 871 725 892 anni
738 870 813 893 tertius
822 878 879 893 veru
883 872 936 899 legat
950 872 1013 894 libro«

252 901 391 937 philosophiae
401 908 439 930 pro
448 901 515 923 forma
525 901 644 924 scholarium
657 901 725 931 quarti
738 902 788 924 anni
802 908 823 924 et
836 902 1012 924 bacca-laureorum

259 937 280 953 et
288 933 343 961 quod
352 932 438 961 quilibet
447 939 518 954 eorum
527 933 616 955 observet
630 933 706 955 dic'lam
720 933 818 955 lecturam
833 933 968 956 communiter
976 941 1015 962 per

259 969 323 984 unam
334 963 406 985 horam
420 968 536 992 recepturus
545 971 584 992 pro
598 964 697 992 stipendio
711 964 747 985 suo
757 964 849 993 quolibet
860 964 948 986 termino
958 972 1017 986 xxvx-

260 993 333 1015 solidos
343 998 363 1015 et
373 1001 416 1016 vm
425 994 517 1016 denarios
527 1002 563 1024 per
576 995 667 1017 custodes
677 995 710 1016 seu
724 995 829 1024 magistros
843 995 976 1024 collegiorum
989 1002 1014 1018 ac

261 1021 395 1053 hospitiorum
403 1025 524 1055 principales
534 1026 644 1047 solvendos.

368 1091 402 1113 88.
419 1092 453 1113 De
460 1092 569 1128 depo-fitionir
576 1092 624 1113 moda
629 1096 665 1121 pra
675 1092 794 1121 inceptor-ibus
801 1092 822 1114 in
830 1091 909 1113 artibus.

328 1147 490 1169 ECRETUM
503 1147 532 1169 est
545 1154 573 1169 ex·
583 1152 641 1177 parte
654 1146 820 1169 vice-camoellarii
829 1152 851 1169 et-
859 1151 1019 1176 procia-aterum>

334 1185 376 1199 una
383 1185 433 1205 ¹cum
442 1178 518 1200 caeteris
527 1178 645 1201 auetoribus
653 1183 673 1200 et
681 1178 850 1206 non-regentibus
858 1178 941 1204 nomine
951 1179 1015 1200 totius

262 1207 396 1230 universitatis
406 1210 462 1238 quod
471 1209 486 1230 fi
495 1216 593 1231 numerus
606 1209 720 1237 regentium
734 1209 863 1238 prassentium
877 1216 920 1231 non
934 1210 1017 1231 excedat

263 1245 300 1260 κν]
310 1244 361 1261 tunc
369 1240 479 1269 antiquum
487 1240 586 1262 statutum
600 1241 637 1262 stet
651 1241 674 1262 in
689 1240 774 1262 robore:
789 1240 804 1262 fi
816 1247 864 1262 vero
872 1247 969 1262 numerus
984 1247 1016 1262 re-

262 1270 358 1297 gentium
370 1271 498 1299 praesenfium
512 1272 593 1294 excedat
608 1279 646 1293 xvx
659 1277 710 1294 tunc
725 1271 784 1294 tertia
799 1278 845 1300 pars
861 1270 941 1293 numeri
955 1271 1016 1292 dum„

263 1301 325 1323 modo
335 1302 348 1324 s
350 1306 359 1324 t
374 1302 476 1324 divisibilis
486 1310 521 1332 per
529 1308 570 1325 tres
584 1308 651 1332 partes
665 1304 751 1336 aequales
765 1303 854 1332 deponat
863 1303 887 1325 de
901 1302 983 1325 scientia
996 1306 1017 1323 et

951 1332 1022 1361 major*

361 1363 372 1373 ⁸
381 1363 399 1379 In
406 1362 434 1379 lib.
442 1367 482 1384 proc.
487 1363 515 1384 jun
506 1363 572 1380 mdes-m
563 1365 598 1380 Νι
603 1364 651 1380 welde
658 1363 728 1380 scientia!
728 1384 730 1387 ‚
