1192 1583
228 143 247 164 E
256 143 275 164 L
285 143 294 164 1
304 143 323 164 Z
333 143 353 164 A
363 143 379 163 Β
390 126 577 166 Ε,Τ.Ηζάἶ -ΑΝ
588 143 662 165 ’ΧΙΓἺ
677 144 775 166 EDJT
785 146 812 167 A.

142 191 212 212 senatu
221 198 257 220 per
266 190 373 212 biennium
386 190 411 212 fit
424 190 467 220 ipso
481 190 536 212 sacto
546 191 637 219 privatus
651 196 672 213 et
685 192 780 214 inhabilis
794 193 854 215 etiam
869 193 895 216 ad

142 222 225 251 uliquod
234 222 325 244 officium
339 226 360 243 et
374 229 450 244 munus
463 222 574 250 gerendum
588 222 642 244 infra
656 224 778 245 academiam
793 231 828 253 per
841 225 895 247 idem

142 257 230 282 tempus.
255 253 333 274 Deinde
342 253 364 274 in
374 253 434 282 plena
444 254 599 281 congregatione
613 254 725 282 regentium
735 259 755 276 et
769 262 895 283 non—regen-

142 284 195 305 tium
205 284 271 305 senior
280 289 399 312 procurator
408 284 452 305 illas
462 284 535 312 gratias
550 285 629 312 publice
639 285 730 306 recitabit
740 293 786 314 quae
795 285 809 307 a'
816 285 894 308 cancel-

141 314 192 336 lario
203 319 223 336 et
233 315 316 343 reliquie
327 322 364 343 pro
373 315 438 343 capite
445 315 500 336 illius
510 316 560 337 anni
568 315 674 343 designatis
684 316 717 337 seu
728 316 750 337 in
764 318 834 338 eorum
848 318 894 339 loca

141 345 250 374 surrogatis
259 346 375 374 approbatae
390 346 479 367 fuerint:
493 351 513 367 et
525 346 618 374 sequente
633 347 788 375 congregatione
802 349 893 370 velcon-

141 376 200 397 cursu
211 376 297 404 ejusdern
308 376 469 404 congregationis
483 376 608 403 continuatae
617 377 656 399 311ae
667 377 712 406 ipsae
719 378 789 406 gratiae
798 378 820 400 in
830 380 893 401 domo

141 407 308 435 non-regentium
318 407 408 436 primurn
422 415 434 428 a
444 407 519 428 seniore
534 407 642 429 scrutatore
651 408 724 429 iterum
735 409 816 437 publice
824 410 892 438 legen-

140 442 185 459 tur:
201 445 224 459 ae
234 438 300 459 statim
310 439 351 459 duo
361 438 478 459 scrutatores
492 445 539 459 cum
551 439 626 460 seniore
638 445 772 467 non-regente
782 444 832 462 tunc
840 448 893 469 prae-

141 469 227 490 semein
236 469 333 490 scrutinio
341 469 424 491 stabunt
438 476 460 490 ac
474 474 521 490 vota
536 469 622 490 aliorum
637 476 672 498 per
686 470 725 491 hoc
734 471 817 492 verbum
827 473 893 493 Placet

140 500 172 521 vel
188 508 223 521 non
237 500 303 522 Placet
315 505 335 521 et
350 507 394 521 non
406 499 464 521 aliter
479 500 577 528 accipient
595 505 615 521 et
630 507 653 521 ea
672 501 748 529 seriptis
765 502 894 524 mandabunt

141 538 234 559 praecoue
248 531 338 566 primum
354 531 378 552 ad
394 530 513 552 scrutinium
527 532 677 559 proclamante:
691 532 747 559 quod
760 532 849 554 similiter
863 534 892 555 se-

140 562 208 583 eundo
217 566 238 583 et
247 562 307 583 tertio
315 562 396 583 modico
401 561 525 589 interjecto
528 562 635 583 intervallo
648 562 714 583 faciet.
738 564 765 584 Et
774 563 789 584 fi
802 564 847 591 post
856 565 892 586 tri-

141 599 190 613 nam
199 592 255 614 illam
265 592 399 614 monitionem
411 600 423 614 a
436 599 484 614 voce
494 593 560 613 danda
575 592 669 614 cessatum
684 593 746 614 fuerit
759 594 824 615 senior
838 595 893 616 scru-

141 628 195 645 tator
205 623 283 645 collatis
292 624 348 652 prius
356 622 454 651 suffragiis
464 621 544 652 publi'ce
551 621 694 651 pronuntiabit
703 631 741 652 pio
750 625 826 657 majore
835 632 892 654 parve

141 654 294 682 suffragantium
304 655 369 676 Placet
375 655 400 675 eis
409 655 441 675 vel
447 655 490 675 Non
500 655 566 675 Placet
573 655 605 675 eis,
625 656 694 681 Qam
705 651 792 676 formam
798 656 892 678 'observa-

141 685 194 710 bunt
207 685 268 707 etiam
282 685 304 706 in
318 685 381 706 domo
395 685 508 713 regentium
522 684 586 706 senior
599 689 718 713 procurator
731 686 754 707 in
769 687 853 714 legendo
871 693 892 709 et

140 716 296 744 pronunciando
306 716 473 745 procaneeuarius
482 721 503 737 et
511 716 553 737 duo
564 721 703 746 procuratores
718 716 740 738 in
745 716 848 745 suffragiis
859 726 893 740 ac-

140 747 237 775 cipiendis
247 751 267 768 et
281 754 347 775 pmco
360 747 397 767 ad
400 746 519 768 scrutinium
534 747 626 768 vocando
640 751 660 767 et
677 747 750 775 reliqui
766 754 855 776 regentes
870 749 893 771 in

140 778 223 799 vocibus
234 778 273 800 suis
282 778 360 799 dandis.
384 778 415 799 Ea
428 784 482 799 vero·
487 775 623 799 observatione
634 777 722 799 omiffa'
716 783 787 800 inanes
796 783 816 801 et
830 779 895 801 irritae

140 809 179 830 sint
188 809 264 837 gratiae.
289 809 344 830 Hinc
354 813 422 830 autem
431 808 542 837 excipimus
552 809 637 836 gradum
646 809 807 832 baccalaureatus
817 811 895 833 artium

140 840 177 868 qui
187 840 297 868 'antiquum
308 840 393 861 mod'um
404 839 486 868 petendi
496 838 596 861 retinebit.

168 901 302 923 Decernimus
314 906 338 923 ut
353 902 411 923 nulla
423 901 488 930 gratia
498 908 544 929 quae
557 905 684 933 proponetur
694 901 717 923 in
731 902 802 924 scholis
812 883 895 938 dispen-

139 932 236 954 sationem
247 933 319 954 habeat
325 939 479 961 quamcunque:
489 937 509 953 et
519 932 534 953 fi
544 930 597 953 secus
607 932 643 953 fiat
650 932 736 967 gratiarn
746 933 817 954 illam
812 934 892 955 irritam

139 968 159 984 et
169 963 251 985 inanem
265 963 301 985 effe
313 964 426 985 volumus.
438 964 482 984 Nec
497 963 535 984 ulli
550 963 671 984 concedatur
684 963 748 991 gratia
763 968 787 985 ut
801 963 844 991 ejus
855 965 891 986 ad-

138 994 203 1015 miffio
213 994 251 1015 stet
259 994 277 1015 ei
287 1001 325 1022 pro
333 994 439 1023 completis
448 994 511 1022 gradu
521 998 542 1015 et
557 993 624 1015 forma
634 993 669 1014 sub
678 1000 739 1022 poena
750 995 833 1023 perjurii
843 1002 892 1024 pro-

138 1025 252 1046 cancellarii
261 1029 281 1046 et
290 1032 361 1046 eorum
370 1025 407 1053 qui
421 1024 497 1046 fuerint
507 1024 530 1046 in
542 1024 607 1053 capite
621 1024 658 1046 nisi
672 1024 711 1046 lint
726 1025 784 1054 regiae
794 1026 891 1054 majestati

138 1063 150 1077 a
159 1056 237 1078 secretis
247 1060 283 1077 aut
291 1056 378 1085 episcopi
387 1059 423 1077 zut
430 1055 510 1085 nobiles
520 1056 551 1085 vel
561 1055 662 1077 nobilium
671 1055 715 1077 filii.
749 1082 751 1085 y

355 1128 388 1149 De
396 1126 544 1155 hsputationibus
549 1119 676 1155 fhpbtsterum.

398 1182 417 1202 c
446 1182 466 1202 A
494 1182 517 1202 P.
548 1173 628 1202 'xxm

197 1237 265 1258 RDo
279 1235 440 1264 disputationum
450 1235 483 1256 hic
495 1235 530 1257 est.
559 1236 615 1256 Inter
629 1235 725 1263 sophistas
739 1235 856 1257 veterrimus
870 1236 889 1257 se

208 1267 343 1296 responsorem
357 1266 459 1288 exhibebit
472 1270 492 1287 et
506 1266 577 1287 ordine
590 1266 698 1294 sequentur
712 1266 745 1287 alii
760 1266 849 1293 juniores
863 1268 888 1288 ad

136 1299 200 1320 finem
216 1298 270 1320 illius
288 1297 343 1319 anni.
373 1297 453 1319 Primus
472 1296 513 1318 dies
530 1296 611 1318 termini
631 1297 669 1318 erit
683 1296 774 1318 decImus
793 1297 888 1320 octobris.

136 1331 187 1352 Non
196 1328 322 1359 respondebit
330 1328 367 1350 ulfi
377 1328 414 1357 qui
422 1328 532 1350 secundum
541 1334 621 1349 annum
629 1327 743 1356 expleverit.
767 1329 819 1350 Tres
830 1329 889 1357 prin-

472 1366 487 1381 o
496 1365 511 1387 g
521 1365 534 1380 2
836 1367 889 1388 cipes

935 144 977 176 ἐπ
