1192 1583
230 436 264 455 Jun.
274 439 291 450 rs

433 110 909 134 SENATUSCONSULTA

302 160 385 183 mulEhz
405 160 581 182 concionatoribus
602 159 660 187 regiis
675 159 754 180 statutis
775 158 873 187 impolitae
895 162 955 185 atque
969 161 994 178 ut
1010 157 1053 180 lta-e

303 192 366 213 vestra
381 191 478 213 conceffio
491 198 529 219 pro
545 191 620 212 statuto
636 189 733 211 habeatur
749 194 770 210 et
787 189 809 210 in
824 188 880 210 libris
898 192 1052 216 procuratorum

303 222 358 244 infra
367 222 398 243 sex
407 222 448 243 dies
459 221 577 243 inscribatur
587 221 623 242 sub
637 227 698 248 poena
706 221 774 241 decem
783 219 892 241 solidorum
902 219 1015 257 registi-ario
1028 220 1053 240 ad

304 253 363 275 usum
373 252 478 274 academiae
488 252 670 280 persolvendorum.

716 291 734 307 Li
735 291 749 307 b.
757 294 795 311 gut.
803 294 820 306 Δ.
829 290 919 311 sol.153.a.

716 322 750 338 Lib.
757 327 797 343 pm.
801 322 834 342 jun.
841 321 868 338 fol-
877 326 910 342 ¹⁰5-
917 328 933 338 ι.

242 459 248 469 ¹
280 445 297 470 ‚¹
310 433 407 487 CUM
416 402 555 463 superioribus.
560 431 611 453 hisce
620 431 689 453 diebus
698 430 780 459 quidam
794 420 890 459 oppidani
900 435 981 459 propter
990 432 1054 453 deme⁴

372 469 409 485 rita
419 461 453 484 sua
467 468 487 484 et
500 462 646 484 intolerabilem
660 461 751 483 adveisus
765 461 887 482 academiam
901 466 921 482 et
935 462 1054 484 academicos

307 494 474 522 ingratitudinem
484 501 496 514 a
505 493 639 515 contubernio
649 492 767 513 scholarium
778 492 824 513 sunt
836 491 920 520 suspensi
930 496 950 513 et
959 492 1054 514 scholares

309 530 330 546 et
339 531 409 546 eorum
419 524 491 545 famuli
501 530 548 545 cum
558 524 629 545 eisdem
644 523 716 551 quovis
727 523 787 543 modo
801 522 919 544 contrahere
929 527 966 544 aut
975 524 1054 551 negoci-

282 559 285 563 ”
310 556 340 578 ari
349 555 416 576 strifi'te
423 560 445 576 et
453 555 489 575 sub
498 554 554 582 gravi
563 554 696 575 mulcta-sunt
706 552 807 574 interdicti

338 586 405 607 Placet
414 585 471 606 vobis
482 590 505 606 ut
515 584 630 612 hujusmodi
644 584 744 605 antedi-Sta
754 584 832 605 decreta
845 588 866 605 et
879 584 901 605 in
912 584 1013 612 posterum
1023 586 1056 606 de.

309 617 408 638 cernenda
417 616 478 637 vestra
489 615 610 636 authoritate
621 620 663 636 rata
673 619 692 636 et
702 614 760 635 firma
770 614 882 635 habeantur
890 619 911 635 et
925 614 946 636 in
956 615 1055 643 posterum

309 654 352 669 non
362 647 498 668 rescindantur
513 646 553 667 fine
566 645 662 667 consensu
675 650 695 666 et
708 645 783 666 assensu
798 645 860 666 totius
874 645 952 666 senatus
968 651 989 666 et
1002 647 1056 674 quod

309 678 353 699 haec
362 678 440 705 rogatio
450 684 487 705 pro
497 676 572 698 statuto
582 676 680 697 habeatur
689 681 709 697 et
719 675 741 696 in
750 675 811 696 libros
820 681 976 704 procuratorum
986 677 1055 698 descri-

310 709 372 730 batur
386 708 440 729 infra
449 707 518 728 decem
532 706 573 728 dies
584 707 675 735 proxime
684 706 809 734 insequentes
824 711 844 728 et
857 706 938 734 insuper
951 712 976 728 ut
986 707 1056 735 singuli

310 738 418 767 academici
427 738 526 759 cautiores
535 737 573 758 fint
584 742 603 758 et
619 737 717 759 mulctam
731 736 866 765 praescriptam
880 737 969 758 devitent
983 742 1007 759 ut
1016 739 1056 760 hac

311 769 391 797 rogatio
400 768 482 796 singulis
492 767 557 789 futuri
567 768 663 796 temporis
672 767 763 789 terminis
773 768 840 796 palam
849 772 870 789 et
878 768 958 796 publice
964 770 1002 796 'per
1010 769 1057 790 alte„

311 807 359 821 rum
373 803 534 827 procuratorum
543 799 681 833 praelegatur'
676 806 698 820 m
713 798 773 826 pleno
786 803 806 819 et
819 798 921 826 frequenti
935 798 1004 820 senatu
1018 807 1057 821 una

312 837 359 851 curn
370 829 487 861 nominibus
498 828 591 853 omnium
605 834 626 850 et
639 829 764 858 singulorum
779 828 804 850 fic
814 833 838 850 ut
852 829 967 857 praedicitur
980 830 1057 860 suspen-

313 860 389 884 sorum.

722 900 757 917 Lib.
764 904 802 922 gru.
809 903 827 916 Δ.
834 900 862 916 sol.
871 905 904 921 ¹53·
911 907 927 917 ι.

374 1011 613 1032 UEMADMODUM
628 1017 639 1031 a
649 1009 724 1037 maiore
738 1010 816 1033 ballivis
824 1014 845 1031 et
859 1010 990 1038 burgensibus
1003 1011 1060 1039 hujus

384 1041 453 1070 oppidi
464 1041 632 1069 Cantabrigienfis
642 1041 712 1063 multis
721 1042 805 1063 antehac
814 1041 884 1069 elapsis
894 1041 953 1062 annis
962 1042 1061 1064 decretum

313 1070 338 1100 {et
347 1072 480 1094 constitutum
490 1072 526 1094 else
536 1072 667 1099 intelligimus
681 1078 707 1093 ne
721 1072 763 1093 ulla
776 1071 859 1093 aedificia
872 1072 946 1107 praedia
955 1072 1021 1094 officia
1029 1077 1063 1094 aut

318 1104 425 1125 commoda
434 1103 458 1124 ad
469 1103 535 1131 ipsum
549 1102 649 1131 oppidum
660 1109 745 1131 quoquo
756 1103 817 1124 modo
827 1102 948 1130 pertinentia
957 1103 982 1124 ad
997 1104 1060 1125 ullum

319 1135 382 1156 alium
393 1133 540 1155 transferantur
553 1133 610 1154 nili'
605 1140 627 1154 m
640 1133 728 1161 aliquem
743 1140 767 1154 ex
780 1133 910 1161 burgensibus
925 1133 986 1161 hujus
996 1134 1062 1162 oppidi

319 1172 345 1186 ne
359 1164 454 1192 negleffis
466 1164 502 1192 qui
515 1164 561 1185 sunt
571 1171 595 1185 ex
610 1164 691 1192 propria
704 1171 775 1189 eorum
789 1163 866 1185 familia
876 1163 946 1185 alienis
955 1171 967 1185 a
977 1164 1012 1185 suo
1021 1172 1063 1186 cor-

314 1203 368 1231 ,pore
377 1195 502 1216 consulerent
511 1195 543 1220 sed
558 1194 626 1223 potius
641 1195 730 1216 membra
744 1195 833 1223 corporis
845 1194 876 1216 sui
889 1202 932 1216 non
946 1195 1010 1217 solum
1019 1203 1063 1231 pro·-

320 1226 369 1254 priis
383 1226 423 1247 suis
438 1225 537 1247 beneficiis
551 1226 696 1253 locupletantes
707 1225 738 1246 sed
747 1225 809 1246 etiam
823 1226 889 1247 multa
902 1233 965 1253 eaque
979 1227 1063 1249 maxima

321 1257 417 1278 beneficia
426 1256 452 1277 ab
465 1257 506 1285 ipsa
515 1256 616 1277 academia
629 1260 650 1277 et
663 1256 751 1284 collegiis
761 1256 891 1284 percipientes
904 1257 994 1284 optimos
1007 1257 1063 1285 quos-

322 1294 361 1315 que
372 1288 397 1308 ab
407 1287 507 1308 academia
521 1287 604 1308 deficere
614 1290 634 1307 et
648 1286 669 1308 in
681 1293 751 1308 eorum
765 1287 834 1307 album
845 1291 927 1315 propter
940 1287 994 1315 spem
1004 1293 1025 1309 et
1033 1294 1063 1309 ex-

322 1317 456 1347 pefiationern
471 1317 568 1339 uberioris
583 1317 684 1339 commodi
698 1317 787 1346 cooptari
797 1317 882 1339 faciant:
897 1317 926 1339 ita
940 1318 1013 1340 nostris
1023 1325 1064 1346 acu,-

990 1348 1066 1371 demitis
