1192 1583
282 134 508 156 §TATUTA
536 134 761 163 ANTIQUA.

145 182 182 205 fiat
190 181 232 204 fine
244 188 308 204 morae
320 181 424 211 dispendio
437 182 459 204 in
473 182 628 211 congregatione
641 182 755 211 regentium
769 182 828 211 super
840 189 899 205 vaca-

147 215 202 236 tione
212 213 329 242 hujusmodi
338 213 399 235 officii
409 213 491 242 publica
499 214 628 235 denuntiatio
637 218 657 235 et
671 221 719 235 cum
728 214 787 235 omni
800 214 900 236 celeritate

145 245 278 267 accommoda
286 244 308 267 in
318 244 358 266 alia
365 244 521 274 congregatione
530 244 625 274 proximo
637 244 708 267 futura
717 245 900 267 vice-cancellarius

145 277 240 305 eligatur.

264 348 295 370 17.
314 342 451 364 Demminatia
461 349 501 371 quae
509 341 585 363 dicenda
586 342 615 370 fit
624 342 677 370 caustz
682 341 789 370 probabilis.

148 416 150 418 .
174 398 256 422 LLAM
265 398 344 419 causam
354 397 480 419 decernimus
490 398 614 426 probabilem
622 405 685 426 quam
695 404 763 419 eoram
771 397 901 419 universitate

178 428 302 456 ,regentium
317 426 440 457 propofitam
450 429 515 456 major
528 436 574 457 pars
588 428 674 456 ejusdem
689 436 727 457 pro
741 429 799 450 causa
813 429 865 456 justa
880 434 901 450 et

149 459 254 482 sufficienti
267 459 361 482 absentiae
374 460 506 488 proponentis
515 460 596 482 duxerit
611 460 769 488 approbandam.
798 460 818 481 Si
832 465 901 482 autem

149 498 173 512 ex
182 490 298 517 hujusmodi
308 490 371 512 causae
379 491 491 513 detectione
499 497 558 519 grave
571 492 671 512 damnum
680 495 700 512 et
710 490 849 519 praejudicium
859 498 901 512 cre-

150 522 183 543 dat
193 522 230 543 fibi
239 521 369 543 verisimiliter
380 521 485 550 provenire
499 522 552 549 juret
562 521 620 543 taetis
636 521 762 543 sacrosanctis
776 529 845 543 coram
853 522 901 543 uni-

150 553 240 577 versitate
254 553 367 581 regentium
377 554 432 581 quod
445 552 525 575 causam
540 554 625 574 arduam
638 553 699 574 habet
708 552 780 580 justam
795 558 815 574 et
829 553 902 574 suffici-

151 589 218 608 entem
237 584 256 605 se
273 584 389 607 absentandi
403 587 469 612 quam'
485 584 609 605 univerfitati
626 589 707 612 propter
723 584 864 612 praejudicium
882 589 903 605 et

150 615 249 637 damnum
259 615 294 637 libi
303 615 413 637 imminens
426 616 516 643 detegere
530 622 573 636 non
583 615 611 636 est
620 615 685 636 ausus.
714 615 735 636 Si
749 622 795 636 vero
809 620 851 636 tarn
866 622 902 636 ur-

150 652 198 674 gens
213 646 272 668 causa
285 646 348 668 fuerit
362 651 382 667 et
396 646 468 668 festina
482 647 537 674 quod
551 646 728 674 congregationem
738 646 841 674 expectare
858 653 902 668 non

150 677 224 705 poterit
233 677 313 700 causam
323 677 342 698 se
355 677 471 699 absentandi
486 682 587 706 proponat
597 684 666 698 coram
674 677 793 698 cancellario
804 678 835 698 vel
849 677 902 698 vice-

150 708 268 730 cancellario
281 713 302 729 et
315 708 479 736 procuratoribus
497 715 560 736 quam
574 708 589 729 fi
605 708 656 735 justa
670 713 690 729 et
705 708 803 729 sufficiens
818 708 846 729 eis
861 708 902 730 visa

150 739 213 761 fuerit
221 739 334 767 approbent
341 739 364 761 in
373 739 498 761 conscientiis
507 746 577 760 eorum
587 744 607 760 et
614 739 668 766 juret
682 739 707 760 {ic
716 746 832 767 proponens
846 740 903 767 quod

150 770 327 798 congregationem
336 769 377 792 fine
385 770 441 799 gravi
450 770 526 792 damno
535 770 640 799 expestare
649 777 691 799 non
702 770 772 799 potest.
803 770 823 791 Si
833 775 903 791 autem

150 801 226 824 dietam
235 801 314 823 causam
323 808 392 823 coram
401 801 429 823 eis
435 802 535 830 explicare
542 809 584 823 non
593 802 665 822 audeat
674 801 727 828 juret
734 808 802 822 coram
810 801 837 822 eis
845 802 902 830 quod

150 832 230 854 causam
240 832 324 854 arduam
334 833 394 854 habet
404 832 540 854 sufficientem.
565 834 593 854 Et
603 832 617 853 fi
627 833 732 860 contingat
741 832 829 861 aliquem
840 833 902 860 hujus

150 863 208 887 modi
216 864 247 885 vel
256 863 315 885 causa
328 863 452 885 infirmitatis
466 864 498 885 die
512 870 554 892 quo
563 863 664 892 disputare
677 864 757 885 deberet
766 863 787 885 in
799 863 834 885 suo
843 864 902 885 cursu

150 894 249 917 absentari
262 899 312 916 tunc
329 894 423 922 magister
439 894 544 924 proximus
563 894 608 923 post
622 894 687 923 ipsum
704 894 804 923 disputare
821 899 902 916 tenetur

151 930 250 954 tanquam
259 925 318 947 cursu
332 925 421 954 proprio.
450 926 470 948 Si
484 925 530 954 quis
541 930 609 947 autem
619 925 680 952 hujus
690 925 828 946 declarationis
839 930 902 946 teme-

151 956 216 978 rarius
225 956 311 978 violator
323 956 410 979 extiterit
424 956 571 986 pronuntietur
579 964 615 985 per
625 957 765 978 cancellarium
777 956 856 985 publice
865 964 903 986 pro

152 994 240 1016 perjuro.

171 1053 203 1074 18.
221 1054 255 1075 De
262 1053 343 1082 hospitiis
348 1058 384 1082 per
392 1053 520 1075 cancellarium
530 1052 626 1081 vffitandis
636 1057 653 1074 et
662 1052 754 1074 erroribus
763 1042 890 1081 rfirmandis.

192 1109 393 1135 CHQLARIUM
407 1109 522 1130 nostrorum
537 1108 705 1137 tranquillitatem
724 1115 841 1136 promovere
858 1116 903 1130 om-

203 1146 291 1168 nemque
300 1139 433 1161 diffolutionis
447 1140 570 1161 occasionem
583 1139 667 1160 resecare
680 1139 783 1174 cupientes
798 1139 904 1161 statuimus

151 1170 211 1201 quod
214 1170 274 1192 liceat
288 1171 406 1193 cancellario
420 1170 484 1198 ejusve
499 1171 567 1192 locum
577 1170 655 1191 tenenti
669 1170 731 1191 bisin
746 1177 801 1191 anno
815 1171 849 1191 vel
860 1177 905 1192 am-

151 1201 205 1230 plius
225 1201 241 1223 fi
255 1201 283 1223 rei
298 1202 366 1223 necess‘
369 1207 399 1223 tas
414 1202 434 1223 id
449 1201 569 1230 flagitaverit
584 1200 651 1222 accitis
670 1201 695 1222 ad
711 1201 729 1222 se
744 1200 863 1229 quibusdam
880 1203 905 1223 de

151 1232 268 1254 doctoribus
283 1232 455 1261 collegiorumque
474 1232 573 1260 magistus
592 1237 612 1253 et
630 1232 795 1260 procuratoribus
809 1232 842 1253 seu
860 1232 904 1254 aliis

151 1270 204 1291 quos
214 1264 240 1285 ad
253 1264 292 1285 hoc
306 1270 377 1286 vocare
390 1263 499 1285 decreverit
512 1263 607 1285 omnium
620 1262 755 1291 hospitiorum
769 1264 813 1287 loca
827 1263 905 1285 visitare

151 1294 304 1323 compertosque
323 1301 399 1316 errores
416 1299 458 1316 tam
473 1294 562 1323 ipsorum
580 1293 723 1323 principalium
739 1301 802 1322 quam
817 1294 905 1316 aliorum

151 1325 272 1347 scholarium
282 1326 380 1354 corrigere
392 1330 413 1347 et
427 1325 535 1348 reformare
545 1325 571 1347 fic
585 1325 676 1347 videlicet
690 1325 745 1353 quod
759 1325 774 1346 fi
788 1326 905 1354 principalis

151 1356 225 1385 aliquis
239 1356 308 1380 minus
321 1357 434 1389 reperiatur
443 1356 528 1380 idoneus
538 1357 569 1379 vel
582 1356 605 1379 in
619 1356 687 1379 officio
699 1356 736 1378 suo
750 1357 854 1385 negligens
869 1356 905 1409 ιέἰίὶ

153 1405 156 1409 ,
851 1387 873 1409 in
884 1394 906 1408 ra
