1192 1583
383 126 487 147 SIV'E
515 127 705 150 GRATIAE.

167 173 190 194 in
200 172 252 193 their
262 171 333 193 several
342 171 429 194 societies
438 174 477 195 and
486 173 571 196 families
581 181 639 204 upon
648 175 697 204 pain
705 175 730 198 of
740 180 816 206 twenty
826 177 918 207 lhillings

167 202 275 225 fol-'fcitum
284 208 306 225 to
316 203 340 224 be
354 203 464 226 demanded
472 206 513 226 and
522 206 583 227 taken
591 206 617 227 of
629 206 677 227 such
691 213 712 228 as
721 207 772 229 shall
781 213 818 229 not
827 209 917 237 perform

167 234 209 256 this
218 241 270 262 your
278 234 346 255 decree
355 239 378 256 to
386 235 421 256 the
430 235 463 256 use
472 235 498 257 of
508 236 543 257 the
551 237 659 265 univerfity
668 238 709 259 and
718 239 763 260 that
772 239 811 260 this
821 247 874 268 your
883 247 917 262 or-

164 265 253 317 gipance
262 265 287 286 be
294 265 391 317 pdstatute
401 266 423 288 in
433 266 487 288 force
496 267 518 289 so
531 268 580 296 long
589 274 610 289 as
620 275 660 296 any
670 275 703 289 are
712 270 752 291 and
761 269 811 291 (hall
820 270 917 293 continue

181 304 188 318 ι
196 302 293 317 commun
319 311 325 317 .

564 339 599 356 Lib.
605 343 643 360 grae-
650 342 667 356 Δ.
674 339 702 356 tol.
711 345 744 362 ¹54·
751 341 766 357 b.

958 131 999 159 3⁶3

256 459 308 480 ΗΜ
322 459 441 487 protervitas
459 459 608 488 oppidanorum
624 460 681 482 vobis
696 461 742 483 satis
757 462 838 490 cognita
855 463 879 485 fit
896 468 916 486 et
929 466 997 486 03-13·

168 457 223 515 Q
238 489 342 518 prudentis
351 490 375 511 fit
383 497 453 511 omnes
462 490 618 512 contentionum
627 491 694 513 causas
704 493 809 520 praecidere

196 520 263 542 Placet
271 520 329 541 vobis
338 525 362 541 ut
371 520 386 541 fi
395 521 431 549 qui
440 521 482 548 jam
491 521 530 543 sint
539 526 575 543 aut
584 522 607 543 in
620 522 722 550 posterum
731 523 797 545 futuri
806 524 845 546 fint
858 525 916 547 scho-

167 552 218 573 lares
229 555 265 572 aut
274 550 376 573 servientes
391 551 511 573 scholarium
525 552 584 573 semel
598 552 721 575 sacramento
732 554 854 576 univerfitati
863 550 916 577 obliss

167 581 210 610 gati
221 582 289 610 postea
302 582 326 602 ad
340 582 451 611 oppidanos
462 582 600 610 transfugiant
612 583 654 611 ipso
670 583 727 605 fatto
743 592 756 606 a
771 587 917 608 communione

164 611 288 634 'scholarium
301 612 427 640 segregentur
440 612 461 634 in
477 618 598 642 perpetuum
608 619 628 635 et
637 614 680 635 haee
694 615 757 636 vestra
770 617 866 638 conceffio
877 625 917 646 pro

164 642 242 665 statuto
251 643 355 664 habeatur.
434 651 436 653 v

578 684 613 701 Lib.
618 688 657 706 grat.
664 688 682 702 Δ.
689 686 715 702 sol.
725 691 730 702 ι
734 691 758 707 54.
765 687 780 703 b.

943 486 987 506 ¹⁵⁸7-

222 815 272 836 UM
280 814 386 836 academiae
395 814 471 836 statuto
479 815 504 836 de
513 814 575 836 caulis
584 814 695 837 forenlibus
704 818 787 836 cautum
798 815 822 836 fit
831 819 855 836 ut
867 821 914 836 om·
919 821 955 838 Feb.
964 826 989 842 η.

229 852 264 866 nes
280 845 325 867 lites
338 845 352 867 si
361 845 405 867 fieri
415 845 474 874 possit
486 846 540 867 intra
554 845 646 867 triduum
658 846 793 867 terminentur
805 852 842 867 nee
851 846 914 868 causa
936 846 979 863 ¹⁵⁹³·

166 876 325 905 appellationum
339 877 394 898 ultra
412 877 480 898 decem
496 876 537 898 dies
553 876 568 898 fi
582 876 626 898 fieri
641 877 711 898 itidem
724 876 783 905 poffit
797 876 842 904 post
856 877 915 898 datos

165 907 240 934 iudices
252 907 398 935 protrahantur
411 907 449 928 usu
465 911 533 928 autem
546 907 588 935 jam
599 912 727 936 compertum
744 907 768 928 fit
784 907 915 935 quorundam

166 937 243 959 malitia
258 937 336 959 fastum
349 938 386 959 esse
402 943 427 959 ut
447 938 517 960 multae
531 938 675 966 appellationes
693 945 735 959 non
748 942 792 958 tam
805 938 858 959 bona
874 937 915 958 fide

165 976 227 997 quam
244 969 381 989 vexandorum
396 968 552 990 adversariorum
571 969 636 996 gratia
649 969 675 989 ab
688 968 805 989 hominibus
824 968 915 996 litigiosis

164 999 285 1028 interpofitae
294 998 370 1020 fuerint
384 999 458 1020 idcirco
466 1004 490 1020 ut
503 999 551 1021 huic
560 999 691 1020 incommodo
702 999 724 1020 in
734 999 836 1028 posterum
845 999 914 1020 omni-

163 1037 192 1051 no
201 1029 330 1051 subveniatur
392 1055 394 1057 ·
457 1055 459 1057 ι
585 1055 588 1058 ⁴

192 1062 260 1082 Placet
268 1060 325 1081 vobis
339 1064 363 1081 ut
377 1060 470 1082 unanimi
483 1060 634 1089 proeancellarii
649 1060 757 1082 doctorum
770 1060 913 1088 magistrorum

159 1091 276 1119 'regentium
287 1096 307 1112 et
317 1092 484 1119 non-regentium
497 1092 621 1113 authoritate
634 1091 732 1113 statutum
742 1095 767 1113 et·
775 1092 877 1112 decretum
888 1091 912 1113 fit

162 1127 188 1143 ut
197 1123 219 1143 in
228 1122 285 1143 omni
298 1121 390 1150 deinceps
398 1122 532 1150 appellatione
541 1122 636 1150 quaelibet
646 1129 691 1150 pars
701 1123 804 1150 appellans
813 1128 855 1143 una
864 1128 913 1143 cum

163 1153 261 1175 advocato
270 1157 357 1181 patrono
367 1157 387 1174 et
395 1157 524 1181 procuratore
534 1153 569 1174 suo
578 1153 645 1174 statim
654 1153 699 1181 post
708 1152 863 1181 appellationem
873 1152 913 1173 five

163 1191 176 1205 a
190 1183 323 1205 commissario
338 1183 376 1205 five
390 1190 402 1205 a
418 1183 574 1212 procancellario
590 1183 666 1213 fastam
682 1184 760 1212 praestet
774 1183 912 1210 juramentum

163 1215 267 1243 corporale
276 1221 345 1235 coram
359 1214 424 1241 judice
438 1222 450 1235 a
464 1222 506 1243 quo
516 1215 572 1243 quod
582 1214 603 1235 in
613 1214 733 1236 conscientia
742 1214 776 1235 sua
790 1214 863 1241 justam
873 1214 911 1235 ha-

162 1246 212 1266 bent
222 1245 335 1273 appellandi
344 1244 434 1266 causam:
444 1250 538 1274 praterea
552 1246 613 1266 etiam
623 1250 647 1266 ut
662 1245 795 1273 appellatione
804 1252 816 1266 a
825 1246 912 1273 'procan-

162 1276 243 1297 cellario
257 1276 282 1296 ad
296 1275 418 1297 academiam
432 1275 486 1297 fatha
503 1280 590 1304 utraque
604 1283 649 1306 pars
664 1281 706 1297 tam
726 1276 828 1304 appellans
847 1283 911 1304 quam

161 1307 261 1335 appellata
270 1310 291 1328 et
301 1306 404 1335 utriustlue
412 1306 473 1328 etiam
483 1307 546 1335 partis
557 1307 664 1329 advocatus
674 1311 773 1336 patronus
782 1311 910 1336 etprocura—

498 1345 511 1359 z
522 1345 535 1359 z
547 1345 559 1359 2
655 1353 661 1356 -
701 1354 703 1356 >
878 1343 911 1359 tor
