1192 1583
164 67 206 97 '558

408 68 597 90 TABULAE
625 68 897 91 FEODORUM.

409 151 503 180 Inceptor
511 151 534 172 in
544 151 621 172 artibus
631 150 693 172 solvet
702 154 749 172 ante
758 150 896 172 admistionem

275 212 442 235 Procuratoribus
452 218 472 234 et
481 220 552 234 eorum
562 213 622 234 servis
632 219 669 241 pro
678 213 768 241 qualibet
777 212 902 241 responsione

305 244 463 266 extraordinaria
556 256 585 261 ·—-
682 256 711 261 —
807 255 837 260 —
921 252 934 266 0
966 250 974 264 ι
1007 244 1020 264 6

278 276 362 297 Bedellis
372 282 409 303 pro
418 275 508 303 qualibet
515 275 641 304 responsione
650 274 808 296 extraordinaria
818 279 855 296 aut

334 311 444 327 variatione
527 318 556 323 -—
657 317 686 323 —
782 317 811 323 —
923 313 937 326 0
969 312 977 326 1
1008 312 1022 325 ο

278 338 356 359 Eisdem
366 344 403 365 pro
411 337 497 358 introitu
507 337 528 358 in
539 337 601 358 libros
610 337 743 365 posteriorum
780 348 809 354 —-
850 347 879 363 φ-
922 344 937 358 o.
966 342 978 363 5
1007 342 1022 362 4

278 369 370 397 Registro
380 375 417 397 pro
427 368 569 397 subscriptione
667 380 694 385 -
793 379 822 386 —
921 375 936 393 ρ
966 374 979 387 o
1009 367 1022 387 6

544 462 569 482 In
579 461 693 483 admissione
703 460 764 482 soivet
779 475 780 478 ,

277 516 436 539 Procancellario
506 527 535 533 —
618 528 647 534 —-
730 528 759 534 -
843 527 872 534 —
922 524 935 537 ο
965 523 977 537 2
1007 523 1020 537 ο

278 548 360 570 Oratori
443 559 472 564 —
555 559 584 564 —-
630 546 637 554 '
667 559 696 564 —
806 558 836 565 —
924 555 937 568 0
966 554 978 568 2
1008 555 1021 568 0

278 579 444 601 Procuratoribus
528 589 557 596 ·-
670 590 698 595 ·—
810 590 839 595 —
924 586 937 599 0
967 586 979 600 2
1008 586 1021 599 ο

279 611 357 632 Eisdem
368 617 405 638 pro
414 609 499 638 petenda
509 609 573 637 gratia
583 609 620 631 nifi
630 609 691 630 fuerit
699 609 777 638 collegii
786 609 867 637 Regalis
923 617 936 630 0
967 617 976 630 1
1008 617 1022 636 4

279 641 395 662 Eorundem
406 640 463 662 servis
547 649 576 657 ὰ
674 652 703 657 -
799 652 829 658 ·--
922 648 935 661 0
964 649 977 661 0
989 636 994 642 '
1007 648 1019 661 2

278 672 427 693 scrutatoribus
437 671 474 693 nisi
484 671 508 692 sit
517 670 595 699 collegii
606 672 687 699 Regaiis
743 683 772 690 -ι
827 683 855 688 —-
922 679 935 692 o
964 679 977 693 ο
1007 671 1018 692 8

277 703 416 725 Praesentatori
453 727 455 730 .
472 714 501 719 -—
584 713 613 719 —
696 713 726 719 —-
809 714 838 720 —
922 710 936 723 0
967 710 975 723 1
1007 710 1020 723 0

276 734 360 755 Bedellis
444 745 473 750 —
556 744 585 750 —
696 745 725 751 —
762 735 765 738 ⁷
835 745 865 751 —
924 741 938 755 0
967 734 979 754 8
1008 741 1023 761 4

277 765 370 792 Registro
453 776 482 781 —
566 775 596 780 —
678 776 707 782 —
790 774 820 783 —
923 772 936 786 0
965 772 979 786 o
1007 772 1022 791 4

278 795 377 817 Pulsatori
488 807 517 812 —-
628 806 657 813 —·
767 806 797 813 ——
923 803 936 817 o
965 804 978 817 ο
1007 796 1020 817 6

277 826 369 848 Ecclesiae
379 827 442 847 beatae
452 826 524 847 Mariae
607 837 636 843 —
775 838 804 844 —
922 835 935 849 0
964 835 977 848 0
986 829 990 832 '
1007 834 1019 848 2
1026 830 1040 840 ’Υ

276 858 336 879 eistae
346 857 451 878 communi
549 867 578 874 —
684 869 714 875 —-
809 869 839 876 —·
924 865 937 879 0
967 865 979 886 5
1009 866 1022 886 9

277 890 317 910 Pro
326 889 384 916 copia
394 887 502 915 juramenti
614 900 643 905 —
781 900 811 906 —
819 891 822 894 ⁴
923 897 937 910 o
965 897 979 910 o
1007 896 1019 910 2

278 919 341 941 Dabit
351 919 412 939 etiam
422 918 527 939 academiae
536 919 651 940 cautionem
662 919 734 940 realem
745 926 782 948 pro
791 920 904 948 praestanda

334 950 470 978 disputatione
481 950 505 970 ad
513 950 601 971 valorem
691 961 720 967 —
803 962 833 967 —
923 958 935 972 2
948 960 951 962 ·
965 959 978 972 0
1007 959 1021 972 o

811 1011 895 1030 Summa
924 1017 935 1038 3
966 1017 983 1037 4¹
1009 1017 1021 1038 5

491 1086 546 1106 Idem
557 1085 601 1113 post
611 1084 747 1107 admistionem
757 1085 819 1107 solvet

279 1139 363 1161 Bedeilis
374 1145 411 1167 pro
420 1137 554 1166 disputatione
609 1149 639 1155 —
721 1149 750 1157 —.
833 1150 862 1156 .-
924 1147 938 1161 0
967 1148 979 1168 5
1007 1147 1029 1168 4⁴

280 1171 358 1192 Eisdem
367 1170 494 1197 jentaculum
503 1174 539 1190 aut
568 1195 570 1197 Ι
650 1180 680 1187 ·-
797 1169 827 1188 .’-
845 1168 847 1171 ’
924 1179 937 1192 0
969 1179 977 1192 1
1009 1180 1022 1193 0

890 1318 1034 1340 Baccalaureus
