1192 1583
316 120 538 152 EDW'ARDI
565 130 713 152 sEx'rr.

134 177 210 206 finguli
220 176 309 206 magistri
323 177 399 199 artium
409 182 508 206 cogentur
517 177 585 207 q'uoa'd
594 177 677 199 tertium
687 178 733 206 post
746 177 887 207 inauguratio-

135 216 184 231 nem
202 208 258 229 suam
276 208 399 236 expleverint
415 215 493 230 annum
512 209 557 237 post
574 209 629 237 quod
648 213 888 237 temptamenti-regentes

134 244 197 260 erunt
207 243 228 260 et
237 239 275 260 hac
284 239 344 260 soluti
358 246 407 260 cura
420 239 472 260 inter
481 240 584 267 theologos
595 239 741 267 jureconsultos
754 245 791 262 aut
800 241 888 263 medico·

134 270 275 298 disputabunt.
304 270 402 292 Profefl'or
416 275 456 291 tres
467 271 491 291 ad
506 271 616 292 minimum
631 271 693 292 theses
707 278 718 292 e
732 271 824 299 suggestu
838 278 888 300 pro-

134 301 244 322 nuntiabit
263 308 286 322 ea
301 301 367 322 forma
381 302 489 322 verborum
508 308 550 330 qua
567 302 615 322 velit
630 309 663 323 eas
678 302 790 323 defendere.
819 303 888 323 Praeco

135 332 220 359 collegia
229 332 316 353 vocabit.
344 333 382 353 Illa
391 331 427 353 suo
441 332 511 353 ordine
519 332 557 360 qui
571 333 615 361 post
630 332 746 354 describitur
754 333 887 362 disputatores

135 368 207 384 contra
216 363 301 385 dabunt.

476 412 546 434 Primo

366 454 480 483 Collegium
491 455 578 483 Regium
587 462 661 477 unum.

469 505 547 526 Deinde

390 547 504 576 Collegium
515 547 630 569 Trinitatis.

484 598 530 620 Post

402 640 517 668 Collegium
526 640 620 668 joannis.

474 691 502 711 Et
512 691 541 712 ita
805 713 807 715 .

197 733 312 762 Collegium
321 732 435 761 Regineum
445 732 582 754 Pembroehiae
591 737 611 754 et
620 733 735 755 Catherinae
743 740 817 755 unum.

483 783 531 804 Post

267 826 380 855 Collegium
391 825 445 847 Petri
455 825 530 847 Christi
540 830 560 847 et
569 827 697 854 Magdalenae
706 833 781 848 unum.

454 876 557 898 Postremo

256 910 370 947 Collegium
381 919 428 947 Jesu
438 919 533 940 Gonvelli
543 923 563 939 et
574 918 676 940 Benediffi
685 926 758 941 unum.

133 976 203 996 Altero
211 974 243 996 die
251 974 360 995 Trinitatis
373 973 477 995 inchoabit
491 977 511 994 et
525 973 554 994 ita
568 973 644 994 circulo
652 973 719 1001 quoad
730 973 828 1001 quodque
840 974 883 995 col-

131 1005 207 1034 legium
217 1005 307 1034 primum
317 1004 341 1026 sit
354 1009 374 1026 et
388 1004 520 1033 postremum.
548 1003 637 1032 Singulis
651 1010 698 1025 vero
711 1003 883 1032 disputationibus

131 1041 219 1065 quatuor
228 1037 254 1058 ab
262 1036 294 1057 his
304 1035 392 1063 collegiis
399 1037 435 1057 aut
443 1035 574 1064 colleg-iorum
581 1034 745 1063 copulationibus
751 1035 881 1063 *replicatom

130 1073 167 1089 aut
176 1068 309 1096 disputatores
319 1066 383 1087 adfine
396 1066 486 1094 magistri
495 1066 569 1087 artium
579 1071 615 1087 aut
630 1066 752 1087 baccalaurei
766 1066 845 1088 secundi
856 1067 881 1087 ad

130 1098 241 1120 minimum
250 1097 299 1127 anni
309 1097 345 1125 qui
358 1096 490 1126 disputabunt
499 1101 570 1118 contra
583 1103 608 1118 eo
617 1097 687 1118 ordine
696 1103 739 1125 quo
753 1096 837 1118 fuerunt
847 1097 880 1118 in-

130 1129 223 1157 augurati
234 1129 256 1150 in
265 1128 372 1150 academia.
402 1127 422 1148 Si
432 1127 486 1155 quod
496 1127 604 1155 collegium
611 1128 719 1155 neglexerit
728 1127 839 1149 mulEtetur
848 1127 880 1148 sex

131 1160 196 1181 solidis
205 1166 276 1180 eorum
285 1159 365 1180 duobus
376 1158 541 1187 procuratoribus
550 1158 629 1179 duobus
644 1157 770 1187 respondenti
783 1158 879 1179 totidem-

131 1198 171 1219 que
179 1190 307 1220 praeconibus
316 1189 454 1211 numerandis.

371 1253 497 1283 Theologonm
505 1254 639 1283 dyputationes.

194 1311 390 1333 HEOLOGICA
402 1309 511 1339 disputatio
524 1309 615 1331 {imiliter
628 1308 663 1330 fiet
672 1308 741 1331 diebus
755 1308 806 1337 iovis
816 1310 878 1332 altera

201 1349 284 1371 quaque
290 1342 416 1364 hebdomada
426 1348 437 1363 a
447 1341 514 1370 prima
523 1340 585 1370 usque
594 1341 619 1362 ad
628 1345 722 1370 quartam
731 1347 766 1370 per
776 1346 815 1363 tres
825 1341 878 1362 inte-

832 1378 878 1400 gras

931 140 968 162 ¹5¹
