1192 1583
425 132 645 157 's-TATAU'I‘A
674 118 902 163 aurion&

285 189 342 204 anno
359 185 370 204 a
386 183 539 211 quibuscunque
557 182 642 204 admiffis
658 188 775 211 receperunt
790 184 815 204 de
828 183 903 211 quibus
921 183 978 212 prius
992 191 1039 206 non-

285 214 346 236 fuerit
356 213 409 235 cistae
418 214 524 235 communi
538 220 573 242 per
582 213 660 234 eosdem
672 219 697 235 ut
710 214 841 242 praemittitur
854 214 979 236 satisfactum
993 222 1038 237 una

284 252 333 267 cum
342 245 391 266 billa
405 245 508 274 indentata
519 245 577 272 cujus
591 251 633 266 una
647 251 693 273 pars
708 250 809 266 remaneat
818 252 867 266 cum
876 245 937 266 starrn
951 246 973 267 in
987 246 1035 268 cista

284 276 390 297 communi
399 281 420 297 et
430 276 491 297 altera'
500 282 547 297 cum
558 275 722 304 procuratoribus
729 275 782 304 ⁴ipsis
791 276 849 297 novis
858 276 975 297 continente
983 281 1036 305 quot

283 312 304 328 et
314 307 351 335 qui
361 306 436 328 admiffi
446 306 523 328 fuerint
537 312 627 335 tempore
641 307 676 328 suo
685 312 705 327 et
714 304 793 334 *quibus
807 307 877 328 diebus
890 307 1037 335 et·cujusmodi

283 337 412 359 exhibuerint
422 338 537 359 cautiones.
548 337 570 358 in
580 344 622 365 qua
631 337 680 359 bina
688 337 748 358 etiam
758 337 872 366 exprimant
880 343 932 366 quot
941 343 961 359 et
970 338 1007 367 qui
1015 343 1037 360 et

284 368 361 397 quibus
373 369 444 389 diebus
458 373 478 389 et
488 369 510 389 in
525 375 566 398 qua
581 368 677 389 facultate
686 368 711 389 ad
721 375 782 396 quem
796 369 881 396 gradum
896 369 932 390 suo
946 374 1036 397 tempore

284 399 332 421 sunt
341 399 417 420 a'dmiffi
428 404 452 420 ut
461 406 496 427 per
506 396 544 420 hoc
555 399 580 420 ad
590 399 722 420 commodum
737 399 789 424 cispa
798 399 914 420 communis
924 400 989 421 valeat
997 407 1034 428 ap-

283 437 352 458 parere
362 431 387 451 de
396 435 486 458 tempore
495 437 538 457 quo
547 428 643 457 quaelibet
657 428 760 451 commiffa
769 437 829 458 poena
838 430 899 451 levari
908 431 984 452 debeat.
1007 432 1035 453 Et

282 461 298 482 fi
314 461 361 489 quis
380 461 532 489 incepturorurn
546 460 633 488 gratiam
647 460 813 482 commutationis
827 460 939 482 obtinuerit
951 462 976 483 de
990 468 1034 483 non

283 492 411 513 convivando
420 492 519 513 summam
531 491 556 512 sic
569 491 599 512 illi
609 498 645 519 per
658 491 744 519 gratiam
758 491 866 513 limitatam
876 492 899 513 in
908 492 940 513 die
948 492 1034 521 incepti-

282 523 328 544 onis
339 523 378 544 suae
388 526 497 550 antequam
506 522 597 543 ascendat
607 522 721 543 cathedram
732 523 760 543 ad.
766 521 904 550 incipiendum
914 523 999 544 omnino
1011 524 1034 545 in

282 553 368 582 Pecunia
383 558 489 574 numerata
502 552 667 581 procuratoribus
676 553 751 574 solvere
762 557 854 574 teneatur
867 554 977 575 secundum
989 554 1033 575 for·-

282 591 339 605 mam
348 584 417 605 statuti
426 585 450 605 de
460 583 543 611 receptis
557 590 593 612 per
606 584 683 605 eosdem
697 584 802 605 communi
816 584 869 606 cistae
882 588 907 605 ut
918 584 1034 613 praedicitur

282 612 431 643 applicahdam.
460 616 488 635 Et
502 615 526 635 ad
541 615 602 642 hujus
612 614 750 636 declarationis
760 619 779 635 et
788 615 922 636 ordinationis
932 616 1033 639 executio-

282 653 330 667 nem
341 653 411 667 omnes
421 650 528 667 teneantur
537 646 561 666 de
575 650 647 667 caetero
660 645 793 666 universitatis
802 651 941 674 procuratores
955 646 978 668 in
991 647 1033 668 vir-

281 682 326 698 tute
335 677 444 706 juramenti
453 676 536 705 praestiti
545 683 581 704 per
588 677 665 697 eosdem
675 681 764 704 tempore
773 684 816 704 quo
829 677 854 698 ad
862 677 952 698 officium
963 678 1032 705 hujus-

281 707 337 729 modi
348 708 395 729 sunt
405 707 498 737 assumpti
508 707 586 728 statutis
597 707 714 735 supradicsstis
724 708 748 728 de
751 707 840 742 receptis
849 715 890 736 per
893 714 1032 736 procuratores

280 742 301 760 et
310 739 335 759 de
343 738 480 766 inceptoribus
489 738 543 759 infra
558 739 612 766 quod
622 743 702 767 tempus
716 738 813 767 incipient
827 740 894 774 quoad
907 739 965 760 alia-¹
960 746 983 761 in
996 739 1033 761 suo

281 770 353 790 robore
361 769 470 790 duraturis.
492 769 594 790 Volumus
608 769 668 791 etiam
683 770 738 798 quod
753 770 795 790 haec
804 770 880 791 omnia.
887 775 908 791 et
921 770 979 799 s
980 771 1004 792 la
1008 771 1033 793 de

281 800 410 821 cautionibus
421 800 481 821 etiam
492 807 662 828 quorumcunque
672 807 704 821 eas
718 800 839 828 ponentium
854 801 958 829 aequaliter
966 801 1032 823 obser-

280 836 353 859 ventur
368 835 388 852 et
402 831 428 851 fic
442 831 468 851 de
483 830 611 852 cautionibus
626 831 780 859 quibuscunque
796 831 882 860 receptis*
892 837 1031 859 procuratores

276 862 361 890 ‚antiqui
374 868 442 883 coram
452 861 578 883 auditoribus
592 862 706 890 plenarium
721 867 842 890 computum
856 862 942 883 omnino
951 863 1031 886 reddere

279 897 387 914 teneantur
397 900 420 914 ac
429 893 487 914 novis
495 892 661 921 procuratoribus
671 900 713 914 una
721 899 768 914 cum
775 893 823 914 billa
833 893 936 914 indentata
944 898 969 914 ut
978 900 1030 921 prae-

279 923 355 945 'dicitur
363 931 433 945 omnes
442 928 462 945 et
472 923 558 952 {iugulas
568 923 671 945 cautiones
680 923 790 945 deliberent
798 931 846 945 cum
856 923 936 945 effessu.

449 999 452 1002 ⁴
468 989 503 1010 60.
521 990 555 1011 De
561 989 690 1017 'computatione
695 993 841 1017 procuratorum.

323 1044 413 1065 INGU
420 1045 471 1065 LIS
486 1044 545 1065 annis
559 1049 606 1065 ante
620 1044 693 1065 festum
708 1043 770 1065 ssnffi
785 1044 885 1072 johannis
899 1044 995 1073 baptistae*
1003 1046 1029 1067 ab

326 1074 452 1096 universitate
457 1076 583 1103 =deputentur
590 1074 639 1096 certi
646 1074 736 1103 magistri
744 1074 769 1096 ad
779 1075 895 1097 faciendum
900 1075 1029 1097 visum'com-

277 1104 323 1133 puti
332 1110 487 1134 procuratorum
496 1106 521 1127 de
529 1105 625 1127 omnibus
634 1105 717 1134 receptis
723 1106 857 1134 undicunque
865 1106 1029 1142 provenientibus

276 1140 297 1156 et
314 1136 338 1157 de
352 1136 447 1157 omnibus
459 1136 548 1172 expenfis
563 1137 598 1158 seu
612 1136 665 1158 milis
682 1137 707 1159 ab
721 1137 794 1158 eisdem
809 1137 868 1158 faffis
879 1137 933 1158 circa
947 1138 1029 1165 negotia

277 1166 417 1188 univerfitatis.
431 1167 580 1195 Magistri-vero
589 1168 615 1189 fic
625 1167 716 1196 deputati
725 1167 789 1188 didos
795 1172 934 1196 procuiatoree
940 1175 1028 1196 praemu-

276 1197 336 1218 niant
351 1202 372 1218 et
387 1202 465 1219 certum
477 1197 530 1219 diem
544 1198 572 1219 eis
587 1199 685 1226 affignent
695 1198 747 1219 citra
759 1205 821 1226 quem
834 1203 955 1227 computum
969 1199 1029 1221 suum

276 1235 347 1255 parare
355 1228 448 1250 valeant
444 1233 473 1250 ita
481 1229 536 1257 quod
546 1228 598 1250 visus
607 1229 657 1250 dieti
667 1228 759 1257 computi
769 1229 820 1251 citra
829 1236 959 1251 communem
967 1230 1028 1251 cestia-

275 1258 353 1279 tionem
363 1259 504 1286 magistrorum
519 1259 623 1281 habeatur.
653 1261 678 1281 In
691 1259 732 1281 fine
745 1267 793 1281 vero
806 1260 858 1281 visus
872 1260 921 1281 disti
933 1261 1029 1296 'computi

276 1289 313 1310 fiat
322 1289 408 1311 starrum
417 1297 453 1318 per
462 1291 547 1312 modum
562 1290 688 1313 dividendae*
683 1299 705 1312 m
715 1298 757 1319 quo
766 1296 869 1325 ponentur
882 1291 952 1312 omnia
962 1298 1028 1313 rema-

275 1319 346 1340 nentia
355 1319 379 1341 in
388 1321 494 1342 communi
503 1322 550 1343 cista
560 1326 604 1343 tam
613 1322 698 1350 pignora
707 1328 770 1349 quam
779 1321 865 1349 pecunia
874 1328 898 1342 ac
905 1322 966 1343 etiam
974 1329 1028 1344 arre-

273 1350 331 1378 sagia
340 1356 360 1373 et
369 1347 451 1372 debita
446 1357 475 1373 ita
485 1353 542 1380 quod
552 1353 649 1374 omnibus
658 1352 747 1374 constare
760 1352 835 1381 poterit
844 1352 959 1374 evidenter·
953 1360 976 1374 m
986 1361 1028 1381 quo

974 1383 1042 1406 statu·
1064 1406 1067 1409 ,
