1192 1583
251 141 422 163 STATUTA
440 140 545 161 REGIS
564 140 719 162 HENRICI
739 140 879 162 OCTAV1.

177 189 290 218 gardianos
299 188 404 217 praefectos
414 188 529 216 Praepositos
539 188 631 210 dofitores
640 189 708 216 legum
719 193 738 209 et
749 188 824 210 artium
835 189 938 217 magistros

177 220 324 248 religiososque
331 226 402 241 omnes
410 220 467 240 vestri
477 224 539 241 cetus
547 226 670 248 quocunque
680 219 762 240 nomine
768 225 804 241 aut
812 220 876 247 gradu
886 227 938 248 prae-

175 251 277 279 fulgeant
293 251 315 272 in
330 250 418 278 collegiis
434 250 485 272 aulis
503 255 539 271 aut
557 251 601 271 aliis
617 251 771 279 quibuscunque
789 251 865 272 aedibus
884 251 938 273 infra

175 282 260 304 diflam
270 282 392 303 academiam
402 281 486 303 vestram
500 281 578 302 utiliter
586 281 706 303 'constitutos
721 282 861 310 seu‘degentesl
871 282 904 311 pie
917 287 938 304 et
968 305 970 307 ,

176 314 291 335 christiane
300 313 430 339 exhortamur
438 317 459 333 et
468 312 490 333 in
501 312 664 340 visceribusJesu
674 313 748 334 Christi
757 313 831 334 obnixe
842 320 937 341 rogamus

177 349 199 365 et
212 344 340 365 obsecramus
350 348 374 364 ut
384 350 407 364 ea
417 351 463 372 quae
477 343 565 364 maxime
579 344 604 364 ad
619 344 657 365 Dei
671 344 756 372 gloriam
766 348 786 364 et
800 344 842 371 ejus
857 345 937 366 cultum

177 376 317 403 nostrumque
326 379 346 396 et
355 374 419 395 totius
425 374 485 402 segni
496 375 558 396 nostri
568 374 666 395 honorem
681 380 700 395 et
710 375 816 396 academiae
825 375 893 396 vestrae
901 374 937 396 'de-

178 413 219 427 cus
227 406 391 433 studentiumque
398 405 471 426 ibidem
479 405 593 433 profeciurn
600 412 635 434 per
641 413 706 426 veram
714 405 787 426 Christi
794 404 907 427 doctrinam
915 406 937 428 in

179 437 256 465 spiritu
266 442 286 458 et
295 436 376 457 veritate
390 441 490 464 receptam
499 436 600 464 pertinent
608 436 783 463 fideliter-discatis
797 441 818 457 et
830 434 937 458 'observetis

181 473 202 489 et
219 468 242 489 in
258 468 288 489 his
304 466 442 489 conservandss
454 467 587 488 tamlfortiter
602 474 624 488 ac
639 467 803 491 fideliter,innixi
820 474 842 488 ac
858 468 936 490 stabiles

181 498 335 527 conspiciamini
346 503 369 519 ut
382 498 476 526 imperita
484 498 587 527 plebecula
601 498 623 519 in
637 498 694 519 vobis
708 498 789 519 verioris
803 497 900 520 doetrinae
914 506 938 521 ac

183 530 266 551 virtutis
275 529 371 558 expressas
379 529 477 557 imagines
487 534 507 550 et
515 529 591 550 formas
602 536 643 550 non
653 529 710 551 aliter
719 536 782 557 quam
793 535 856 551 novos
866 530 887 551 in
898 530 937 551 hoc

183 561 234 582 orbe
243 561 291 582 soles
302 560 393 589 suspiciat
401 565 421 582 et
430 565 547 581 veneretur:
558 567 608 588 quas
616 560 695 581 facilius
705 561 831 581 arbitramur.
836 561 938 583 ostendere

184 592 261 620 poffitis
270 592 285 612 si
293 598 339 620 quae
354 599 389 620 per
402 591 499 612 dilectum
508 591 566 612 nobis
577 591 681 612 Thomam
691 592 937 613 Cromwell-secretarium

185 624 277 644 nostrum
291 622 411 651 primarium
425 627 445 643 et
459 623 574 643 rotulorum
588 622 626 647 five
636 622 753 647 scriniorum
768 621 885 650 magistrum
900 623 940 644 five

185 654 287 675 custodem
297 654 429 682 nostrumque
438 654 462 674 ad
473 653 540 674 causas
554 653 690 674 ecclesiasticas
704 653 870 681 vicemgerentem
884 654 939 675 vica*

186 685 239 706 rium
249 684 361 712 generalem
371 689 390 705 et
399 684 505 705 officialem
520 684 652 712 principalem
663 690 686 705 ac
700 683 820 705 visitatorem
835 684 938 706 universa-

185 716 225 737 lem
234 716 338 737 salubriter
347 715 454 736 adinventa
462 715 509 736 sunt
516 719 615 743 praecepta
626 714 763 743 subsequentia
772 715 864 743 diligenti
875 716 939 747 vestra

184 747 283 768 industria
292 746 406 768 observetis.
819 758 824 764 2

212 778 306 800 Primum
315 777 343 799 est
353 777 409 806 quod
418 777 547 799 cancellarius
555 776 593 799 five
602 777 652 799 vice
655 762 784 799 cancellarius
795 785 822 799 ac
832 785 902 799 omnes
916 782 939 799 et

182 810 259 837 finguli
276 809 376 830 studentes
390 809 428 830 five
448 809 545 830 scholares
563 808 632 830 totius
646 809 707 837 hujus
724 813 793 832 octus-
804 810 937 831 univerfitatis

180 840 354 868 Cantabrigienlis
371 847 494 868 quocunque
511 840 584 867 gradu
593 845 628 861 aut
643 840 726 861 nomine
741 839 830 868 insigniti
849 840 896 861 sunt
906 841 939 861 vel

177 871 320 901 praefulgeant
329 870 413 892 fideliter
422 878 466 892 vere
476 875 529 892 etex
539 871 608 892 animo
617 875 637 892 et
646 876 748 899 quantum
757 871 779 892 in
789 871 845 892 vobis
856 871 884 892 est
898 871 939 892 ob-

176 902 264 925 servetis
279 907 299 922 et
312 902 338 923 ab
351 901 395 923 aliis
408 906 510 930 quantum
527 902 549 923 in
564 901 621 923 vobis
636 902 698 923 fuerit
711 902 737 923 fic
747 902 845 923 observari
859 900 936 923 facietis

175 933 282 957 docebitis
291 937 311 954 et
321 933 455 961 procurabitis
470 933 539 954 omnia
553 937 573 954 et
587 933 664 960 singula
679 937 779 954 contenta
788 938 831 954 tarn
845 932 866 954 in
881 931 940 960 jura-

174 969 256 988 mento
266 963 388 985 succeflionis
402 971 438 991 per
450 971 487 985 nos
502 957 590 992 praestito
605 970 666 991 quam
681 964 703 985 in
717 964 804 992 quadam
818 963 938 992 professione

173 996 249 1024 figillo
259 995 325 1016 vestro'
333 995 438 1016 communi
440 994 581 1016 'univerfitatis
591 994 674 1022 sigillata
684 999 703 1015 et
711 994 805 1016 manibus
810 995 878 1016 vestris
889 994 936 1016 sub-

173 1027 257 1055 scripta
272 1026 386 1053 statutaque
399 1025 460 1052 hujus
475 1026 531 1053 regni
539 1033 582 1060 *pro
598 1025 738 1054 extirpatione
744 1030 831 1054 papatus
845 1026 936 1054 usurpat

174 1059 221 1080 five
231 1057 345 1078 sublatione
354 1056 456 1085 potestatis
467 1056 545 1078 romani
555 1056 651 1085 episcopi
647 1064 667 1078 m
675 1057 714 1077 hoc
720 1063 782 1084 regno
792 1057 871 1085 Angliae
878 1057 936 1078 affer-

175 1090 241 1111 tione
252 1088 290 1109 five
304 1083 458 1110 confirmatione
471 1087 600 1109 authoritatis
614 1087 755 1114 jurisdictionis
765 1088 902 1116 praerogativae
915 1093 936 1109 et

175 1118 341 1149 praeeminentiae
356 1118 428 1140 nostrae
442 1118 501 1146 regiae
520 1118 632 1146 potestatis
643 1124 663 1139 et
676 1118 805 1139 successorum
821 1119 937 1140 nostrorum·

176 1150 349 1180 quandocunque
363 1149 416 1170 edita
430 1149 468 1170 five
484 1149 558 1170 sancita
572 1150 687 1177 edendaque
701 1149 739 1170 five
753 1149 857 1172 sancienda
872 1149 937 1170 modis

177 1181 282 1204 omnibus
291 1181 365 1208 quibus
376 1180 449 1201 melius
458 1184 478 1201 et
487 1180 585 1201 efficacius
595 1180 686 1208 poteritis
698 1180 833 1208 adimplebitis
842 1185 862 1200 et
871 1180 937 1201 obser-

178 1212 258 1234 vabitis
268 1218 290 1232 ac
304 1211 392 1233 minores
407 1211 504 1232 scholares
518 1218 569 1239 quos
583 1212 656 1232 v'ocant
671 1211 761 1239 pupillos
773 1216 793 1231 et
807 1211 855 1232 alios
869 1210 938 1232 vestrae

178 1250 238 1265 eurae
248 1242 361 1263 commiffos
371 1242 437 1263 sedulo
448 1242 542 1263 docebitis
552 1246 573 1263 et
586 1242 686 1263 instructis
696 1249 729 1262 eos
742 1241 822 1270 penitus
832 1241 868 1262 effe
878 1241 939 1263 abso-¹

177 1276 239 1296 lutos
252 1274 277 1294 ab
288 1272 345 1294 omni
353 1272 466 1294 obedientia
476 1272 568 1301 pontifici
578 1280 663 1293 romano
672 1272 738 1293 debita
749 1272 838 1300 regisque
849 1273 937 1301 potesta-

178 1311 225 1327 tem
234 1304 311 1326 caetefis
320 1303 416 1325 omnibus
430 1303 487 1331 juxta
500 1303 592 1325 divinum
606 1303 710 1331 eloquium
723 1303 745 1324 in
754 1303 811 1324 terris
822 1303 938 1332 praecellen-

179 1337 257 1358 tiorem
263 1335 299 1356 effe
306 1339 326 1356 et
334 1335 396 1356 eidem
406 1342 447 1363 prae
453 1335 496 1356 aliis
504 1334 600 1356 omnibus
608 1342 632 1356 ex
641 1335 709 1355 divino
715 1339 817 1363 praecepto
822 1334 936 1363 parendum

182 1372 203 1389 et
212 1366 349 1389 obediendum
359 1365 407 1388 effe:
419 1372 455 1388 nec
464 1365 544 1388 romani
553 1365 639 1395 episcopi
653 1366 738 1388 antehac
752 1365 868 1395 usurpatam
878 1366 942 1392 iuris-1

824 1396 935 1418 dietionem

980 141 1021 171 '13⁵
