1192 1583
306 126 528 150 STATUTA
556 128 782 158 ANTIQUA.

162 182 236 199 carum
246 174 261 197 fi
269 174 386 203 hujusmodi
394 174 490 197 beneficia
498 175 630 198 canonicatus
639 176 673 198 seu
682 177 794 206 praebendae
802 178 879 202 fuerint
888 180 918 203 fin

163 212 234 229 autem
243 207 269 228 ad
280 207 370 228 valorem
384 213 478 229 annuum
492 207 627 236 quadraginta
639 215 754 231 marearum
764 210 789 231 ad
803 210 883 233 firmam
893 213 918 235 de

162 239 219 261 cla-ro
236 238 328 260 deduffis
351 238 446 260 oneribus
461 238 481 259 se
495 239 605 260 extendant
620 246 644 261 ac
660 239 722 262 etiam
740 240 814 263 talibus
828 242 917 270 personis

162 270 239 299 quibus
254 270 276 292 in
286 269 325 291 hac
337 273 394 298 parte
403 269 468 297 major
477 276 524 298 pars
537 270 651 298 regentium
665 275 686 292 et
700 272 867 300 non-regentium
881 281 917 302 per

162 308 235 323 eorum
244 300 362 322 consensum
367 300 478 329 expressum
484 301 564 322 duxerit
572 300 708 324 deferendum.
729 303 846 325 Inhibemus
855 304 916 326 etiam

162 332 198 354 sub
206 331 273 360 poenis
283 331 418 360 suprascriptis
427 338 453 353 ne
461 331 508 360 quis
517 332 657 354 baccalaureus
669 333 692 354 in
704 334 772 362 aliqua
784 334 880 356 facultate
894 336 916 357 in

162 363 239 385 lestura
249 363 282 384 seu
292 362 341 384 aaa
349 362 419 391 aliquo
428 362 543 384 scholastico
552 368 623 384 utatur
633 364 707 386 birreto
716 365 770 393 pileo
779 370 815 387 aut
825 370 872 387 tena
882 366 915 387 seu

161 394 203 416 alio
211 393 312 416 confimili
320 394 392 422 ospitis
399 398 527 416 ornamento.
547 395 575 415 Et
584 395 610 415 ad
618 395 764 423 praemissorum
769 396 915 419 observantiam

161 425 273 447 firmiorem
291 425 387 447 volumus
404 426 461 453 quod
475 425 562 453 quilibet
576 426 602 447 ad
616 427 702 454 gradum
718 427 878 449 baccalauoeatus
893 428 916 450 in

162 457 231 484 aliqua
245 456 341 477 facultate
354 456 379 477 de
392 460 464 477 caetern
478 456 615 478 admittendus
629 457 652 478 in
665 457 781 480 admiffione
794 458 829 480 sua
842 459 914 487 hujus-

162 487 217 509 modi
227 488 252 508 ad
262 487 332 509 omnia
340 486 472 515 suprascripta
481 486 591 515 specialiter
600 487 624 508 sit
633 487 719 515 juratus.
852 506 856 510 ,

328 558 374 581 177.
391 552 425 573 De
433 552 521 574 communi
528 552 610 574 libraria
619 553 750 581 uniwtfitatis.

176 616 185 628 :·
201 608 274 629 AEPE
287 606 389 635 contingit
403 608 459 635 quod
472 614 496 629 eu
509 615 556 636 qua:
569 608 595 629 a'd
609 608 720 630 remedium
734 608 781 630 sunt
795 609 872 637 provisa
889 611 915 633 ad

207 646 284 660 noxam
292 638 374 660 tendere
382 638 529 666 dignoscuntur
542 639 598 668 quod
611 639 836 668 equidem'experientia
844 641 914 663 edocet

161 675 180 691 et
189 670 232 699 ipsa
241 677 272 691 res
281 669 403 691 manifestat.
424 671 479 691 Cum
488 669 543 691 enim
551 670 655 691 retroactis
662 670 787 698 temporibus
797 671 856 693 nobis
866 674 913 700 perd

160 701 289 723 mittentibus
308 700 428 722 consuetum
444 700 512 722 fuerat
529 700 626 722 scholares
644 701 722 722 nostros
739 701 871 730 quostunque
889 702 913 724 in

160 732 266 754 communi
273 731 353 753 libraria
362 731 429 752 nolha
438 732 465 752 ad
473 731 533 753 suum
541 732 673 753 commodum
682 736 702 753 et
711 736 735 753 ut
748 732 869 754 credidimus
879 733 912 754 in-

160 768 286 785 crementum
296 762 396 783 virtutum
409 762 440 784 ita
453 762 513 784 libere
527 763 700 791 quemadmodum
714 763 818 791 gremiales
832 764 913 785 nostros

160 794 218 815 usum
228 794 328 815 librorum
341 792 393 814 Inibi
406 793 495 815 habuiss'e
503 794 559 821 quod
572 793 595 815 in
608 800 669 821 grave
683 794 822 822 praejudicium
839 795 912 817 nostroe

159 824 292 847 universitatis
299 825 367 845 cedere
372 831 414 845 non
420 824 538 845 dubitamus
543 831 566 846 ea
573 829 655 853 propter
660 831 698 846 nos
704 825 793 846 volentes
800 825 852 846 circa
858 833 911 854 prae-

159 856 218 877 milsa.
229 855 341 877 remedium
351 855 453 884 providere
461 855 579 876 ordinamus
589 860 609 876 et
619 855 725 877 statuimus
739 856 795 884 quod
804 856 829 877 de
838 862 911 878 caetero

159 887 181 908 in
190 886 266 908 dicum
275 886 364 907 nostram
374 893 503 907 communem
513 886 614 907 librariam
624 886 661 914 qui
675 887 784 914 graduatu:
795 894 837 908 non
848 887 911 909 fuerit

159 917 196 939 nisi
205 923 252 939 cum
261 917 361 945 graduato
369 917 444 938 intrare
454 923 497 938 non
507 917 614 945 prasumat
622 921 643 938 et
651 923 699 938 cum
709 918 778 938 eodem
788 917 909 940 recessurus:

158 948 270 976 adjiciendo
279 948 334 976 quod
344 948 414 969 nullus
427 948 537 975 graduatus
551 954 594 969 non
608 948 709 975 gremialis
723 948 785 969 intret
798 948 820 969 in
835 948 911 970 biblio-

159 979 239 1001 theam
248 979 287 1000 five
296 979 398 1000 librariam
413 978 518 1006 praefatam
527 978 600 1006 absque
615 978 686 1000 habitu
696 978 731 1000 suo
745 979 817 1006 gradui
827 986 910 1008 compe-

158 1009 210 1032 tenti
219 1014 240 1031 et
248 1010 303 1038 quod
314 1009 328 1031 si
342 1009 388 1038 quis
397 1009 459 1036 hujus
469 1009 538 1030 statuti
547 1010 633 1031 violator
646 1009 734 1030 extiterit
742 1015 763 1030 et
772 1009 830 1038 super
839 1011 909 1032 eodem

157 1047 226 1062 coram
234 1040 353 1062 cancellario
361 1040 393 1061 vel
402 1040 446 1067 ejus
455 1040 507 1061 vices
516 1045 597 1068 gerente
605 1040 709 1061 conviEtus
719 1040 781 1062 fuerit
791 1046 910 1069 perpetuam

157 1071 298 1093 basmitionem
306 1071 396 1092 incurrat
405 1071 448 1099 ipso
462 1070 529 1092 facto:
544 1071 600 1099 quod
614 1071 696 1099 quidem
706 1071 805 1093 statutum
819 1079 854 1099 per
868 1071 909 1093 sm-

157 1103 205 1131 gula
215 1102 298 1131 collegia
307 1106 328 1123 et
337 1101 423 1130 hospitia
432 1101 486 1123 infra
494 1101 542 1123 0610
551 1102 592 1123 dies
603 1102 698 1123 volumus
708 1102 814 1131 publicari.

371 1167 417 1196 178.
436 1168 469 1189 De
478 1167 558 1195 exequiis
566 1167 698 1195 defraudatum.

186 1224 257 1245 TEM
270 1223 295 1244 ad
310 1222 419 1252 hospitium
433 1222 571 1251 cujuscunque
580 1223 666 1251 regentis
679 1222 796 1244 discedentis
806 1222 828 1244 in
838 1223 908 1244 muni-

191 1255 245 1283 cipio
254 1253 413 1282 Cantabrigieufi
423 1253 530 1275 conveniat
539 1254 669 1275 cancellarius
679 1260 726 1274 cum
734 1254 829 1275 omnibus
836 1260 908 1281 regen-

156 1286 210 1307 tibus
220 1286 243 1307 in
252 1285 355 1306 habitibus
363 1284 481 1306 scholasticis
490 1291 564 1313 eorpus
574 1291 622 1305 cum
631 1284 751 1312 proceffione
764 1284 908 1312 magistrorum

156 1316 269 1345 regentium
279 1317 305 1337 ad
314 1316 403 1344 aliquem
417 1315 485 1336 locum
496 1315 518 1336 'm
532 1314 659 1337 universitate
673 1315 761 1343 exequiis
771 1315 858 1342 ejusdem
872 1316 910 1336 de-

156 1347 223 1370 functi
232 1348 353 1381 deputatum
361 1346 447 1369 delaturi
455 1353 480 1368 ac
488 1346 581 1375 exequias
591 1346 697 1368 devotione
706 1353 748 1375 qua
755 1346 810 1368 decet
820 1347 908 1381 celebra-3

244 1394 246 1396 -
490 1385 502 1399 ι
513 1385 525 1399 2
865 1381 908 1399 tun

972 133 1001 163 ,⁸3
