1192 1583
389 362 957 395 STATUTA

301 473 480 498 REGIS
515 474 782 498 HENRICI
818 473 1051 498 OCTAVI.

298 612 418 639 Ιφιιηέἶίωιες
432 612 490 640 regiae
503 612 529 633 ad
540 611 675 639 univnfitatem
689 611 855 647 Caritabrigienstm
868 611 974 640 transmssae
983 619 1005 633 ac
1015 616 1051 640 per

325 643 430 671 magistrum
436 642 520 664 Thomam
529 642 625 663 Cromwell
633 642 679 663 dim
689 642 737 670 regis
746 650 767 663 v
761 642 856 669 ſstatorem
862 643 963 670 generalem
972 648 990 663 et
998 644 1050 664 vice-

323 679 415 702 gerentem
423 681 446 695 ac
455 674 578 712 univnstltatis
585 673 682 701 ρνιεάῐὲῖω
691 673 818 694 cancellarium
827 673 931 694 adinventae
940 681 987 695 anno
996 674 1049 702 regni

296 708 299 711 s
325 712 375 733 legis
385 705 465 726 muris!
474 702 529 726 ῚΙΠῙἸΙ
539 705 615 725 xxvu'.

389 762 406 781 E
415 761 435 781 N
443 762 462 781 R
470 761 478 780 1
486 761 503 780 C
510 761 531 780 U
538 761 550 780 S
567 759 649 780 oetavus
662 759 701 780 Dei
712 759 776 787 gratia
788 760 868 787 Angliae
881 764 901 780 et
912 760 1002 781 Francia:
1016 767 1050 781 rex

296 760 382 842 H
396 790 442 812 fidei
450 791 540 812 defensor
549 791 644 812 dominus
654 790 757 812 Hiberniae
766 795 786 811 et
795 790 817 811 in
828 790 884 812 terris
892 791 1006 819 supremum
1014 791 1050 812 sub

397 822 477 843 Christo
485 826 545 850 caput
552 818 636 842 ecclefiae
645 818 857 849 Ariglioanaedile‘ffis
852 829 875 843 m
880 821 959 843 Christo
966 822 1049 843 subditis

298 853 371 874 nostris
381 853 499 874 cancellario
513 860 536 873 ac
549 852 671 873 scholaribus
681 859 703 873 ac
717 852 756 873 toti
765 852 824 874 cetui
834 852 966 874 universitatis
977 853 1049 874 nostrae

298 883 467 912 cantabrigienfis
476 883 565 905 salutem.

326 915 495 943 Qandoquidem
501 921 537 943 pro
544 918 647 942 comperto
653 914 750 935 habemus
756 915 846 936 barbarie
851 919 871 936 et
878 914 954 936 inscitia
960 919 1001 936 tam
1009 915 1050 936 late

297 951 317 967 et
326 946 403 974 ubique
413 950 508 973 regnante
518 945 539 967 in
554 945 655 966 academia
664 945 800 973 Cantabrigiae
809 945 870 967 ctiam
880 946 945 967 multa
954 951 1049 974 corrupte

297 977 350 997 tradi
360 977 464 1004 multaque
474 976 510 997 effe
515 976 605 1004 diligenti
614 976 757 997 reformatione
765 976 825 1004 digna
835 984 873 998 nos
879 977 975 998 omnibus
984 977 1049 998 modis

297 1007 400 1036 cupientes
411 1014 476 1028 veram
487 1007 620 1028 eruditionem
630 1012 649 1028 et
664 1007 767 1028 meliorem
781 1007 906 1028 literaturam
920 1007 1001 1029 virtutis
1015 1007 1048 1028 in-

296 1044 422 1060 crementum
441 1046 463 1059 ac
481 1038 593 1059 maximum
607 1037 721 1066 reipublicae
733 1038 806 1059 nostrae
819 1038 949 1066 commodum
969 1038 1049 1066 Deique

297 1069 376 1090 Summi
391 1076 414 1090 ac
424 1069 511 1091 Maximi
524 1069 610 1097 gloriam
622 1075 645 1090 ac
659 1069 701 1096 ejus
711 1069 766 1090 verbi
779 1069 916 1097 cognitionem
931 1076 1048 1098 promovere

296 1100 429 1128 divinumque
441 1101 521 1121 cultum
535 1104 555 1120 et
569 1100 664 1127 pietatem
677 1107 760 1121 omnem
777 1100 844 1121 sanc'te
857 1105 878 1121 et
891 1100 924 1128 pie
943 1100 1048 1121 defendere

296 1131 370 1152 Christi
381 1130 523 1158 blasphemiam
533 1130 653 1158 ignorantiae
663 1131 746 1152 nebulas
761 1130 873 1152 studiorum
882 1138 957 1152 errores
967 1131 1047 1152 haereses

295 1161 443 1190 superstitiones
458 1161 570 1189 hypocrisin
585 1161 720 1182 idololatriam
729 1166 750 1182 et
764 1161 784 1182 id
798 1168 862 1189 genus
876 1161 949 1183 abusus
961 1161 1047 1182 excessus

296 1192 425 1213 enormitates
434 1196 454 1213 et
463 1192 588 1220 optimorum
603 1199 684 1213 morum
699 1192 822 1220 corruptelas
831 1199 855 1213 ac
867 1192 906 1213 alia
919 1199 1048 1220 quaecunque

295 1224 396 1244 bonarum
407 1222 480 1244 artium
490 1227 510 1244 et
524 1222 612 1244 honestae
626 1222 780 1244 conversationis
795 1223 939 1251 impedimenta
953 1222 1046 1244 funditus

294 1254 375 1275 evellere
384 1258 404 1275 et
413 1254 511 1282 extirpare
519 1260 562 1275 non
571 1253 611 1275 alio
620 1253 744 1282 respicientes
752 1260 815 1282 quam
826 1255 851 1275 ad
860 1254 963 1275 Christum
973 1258 994 1275 et
1003 1253 1046 1280 eius
1083 1279 1085 1281 ι

253 1293 256 1297 ·
294 1285 421 1312 evangelium
432 1292 474 1306 non
483 1285 539 1305 aliud
549 1284 664 1306 affectantes
676 1291 739 1312 quam
754 1292 804 1305 verae
819 1284 865 1305 fidei
879 1289 1012 1312 augmentum
1026 1289 1047 1305 et

294 1315 406 1337 christianae
415 1315 516 1344 religionis
527 1315 623 1336 finceram
632 1315 761 1337 traditionem
769 1320 789 1337 et
797 1315 911 1337 dofikrinam
921 1322 943 1337 ac
952 1314 1046 1344 perfeEtae

295 1351 315 1368 et
335 1347 447 1368 christianae
462 1346 507 1368 vitae
524 1346 610 1368 lucidius
629 1346 731 1375 exemplar
748 1353 784 1368 vos
799 1347 941 1368 cancellarium
956 1346 1046 1374 praefides

939 1377 1046 1406 gardianos
