1192 1583
199 108 239 136 52⁶

349 353 971 397 JURAMENTA.

435 527 566 555 Juramentum
576 527 597 547 in
606 525 752 547 matriculatione
757 526 885 555 praestandum.

369 587 386 607 A
391 587 412 607 N
417 586 434 607 C
438 587 455 607 E
459 586 476 606 L
480 586 498 606 L
503 587 520 606 A
525 587 544 606 R
549 587 558 606 1
563 587 582 606 0
597 585 792 614 procancessarioque
806 585 911 607 academia:
929 586 1036 609 Cantabri-

288 587 365 670 C
378 616 449 645 gienfis
459 621 559 644 quatenus
567 616 599 643 jus
609 616 677 644 fasque
687 616 714 637 est
724 621 744 637 et
754 623 791 644 pro
800 616 870 637 ordine
879 616 902 637 in
911 623 953 645 quo
963 616 1036 638 fuerim

379 647 477 675 quamdiu
494 647 516 668 in
532 647 569 668 hac
588 648 689 676 republica
706 647 778 674 degam
793 647 877 668 comiter
894 647 1037 676 obtemperabo

288 678 341 706 leges
355 678 429 699 statuta
438 683 504 699 mores
514 678 636 706 approbatos
646 682 666 698 et
679 677 781 706 privilegia
790 677 958 705 cantabrigimfis
968 679 1037 700 acade-

285 709 336 730 miae
346 708 447 737 quantum
457 708 479 730 in
493 715 526 729 me
540 708 568 729 est
578 708 693 729 observabo
696 708 775 737 pietatis
785 713 805 729 et
813 709 919 738 bonarum
933 708 1037 731 literarum

289 740 413 768 progressum
423 744 443 761 et
453 739 514 766 huius
524 739 630 760 academiae
639 739 715 760 statum
724 739 822 760 honorem
834 744 854 760 et
864 739 984 767 dignitatem
993 745 1038 762 tue-

289 771 328 792 bor
337 771 404 799 quoad
414 770 480 791 vivam
490 777 576 798 meoque
590 769 685 798 suffragio
699 774 760 798 atque
774 769 856 792 consilio
869 775 952 798 rogatus
966 775 988 792 et
997 778 1039 794 non

290 806 373 830 rogatus
382 801 495 823 defendam.

455 844 487 865 Ita
497 849 529 864 me
539 843 595 865 Deus
606 843 686 871 adjuvet
695 847 715 864 et
724 842 791 864 sanssa
801 843 839 864 Dei
848 844 956 872 evangelia.

696 895 730 911 Lib.
738 896 815 916 proc-jum.
823 897 849 913 foi.
858 902 892 913 ιοο.
898 903 914 914 a.

697 927 732 944 Lib.
737 932 797 948 yma.
802 933 818 949 p.
825 933 859 949 ¹³⁰·

402 1043 405 1045 ·
419 1036 551 1066 Juramentum
560 1037 580 1057 in
589 1035 687 1064 admistione
696 1036 723 1058 ad
728 1037 822 1065 quemlibet
831 1038 917 1065 gradum.

333 1098 442 1120 URABIS
452 1097 509 1126 quod
518 1097 569 1119 nihil
579 1104 603 1118 ex
617 1097 641 1118 iis
650 1097 746 1119 omnibus
757 1097 817 1120 sciens
826 1099 895 1120 volens
904 1098 1043 1127 praetermisisti

340 1136 387 1157 quae
396 1135 432 1157 per
445 1129 498 1156 leges
508 1133 544 1150 aut
558 1128 651 1157 probatas
666 1128 818 1150 consuetudines
828 1130 889 1157 hujus
899 1129 1004 1151 academiae
1018 1130 1043 1151 ad

298 1160 354 1181 hunc
367 1160 452 1187 gradum
466 1166 528 1187 quem
543 1159 607 1180 ambis
620 1159 768 1186 adipiscendum
783 1165 818 1181 aut
828 1160 940 1188 peragenda
953 1165 989 1181 aut
999 1167 1044 1189 per-

299 1190 391 1212 solvenda
400 1190 532 1218 requiruntur
546 1189 582 1211 nisi
596 1194 696 1217 quatenus
705 1197 741 1219 per
750 1191 835 1218 gratiam
850 1191 875 1212 ab
885 1192 985 1213 academia
994 1189 1045 1213 con-

299 1221 369 1242 cessam
379 1225 445 1242 tecum
455 1220 587 1249 dispensatum
596 1220 664 1241 fuerit.

328 1251 409 1279 JuraBis
423 1251 484 1272 etiam
494 1252 549 1279 quod
563 1251 680 1272 cancellario
690 1255 711 1273 et
722 1253 876 1280 procancellario
885 1253 954 1274 nostro
962 1253 1047 1276 comiter

298 1282 445 1310 obtemperabis
454 1286 474 1303 et
486 1283 542 1310 quod
551 1282 625 1304 statuta
634 1282 701 1304 nostra
714 1283 849 1305 ordinationes
859 1288 880 1304 et
894 1284 1047 1306 consuetudines

298 1313 419 1342 approbatas
428 1312 545 1334 observabis.

952 1345 1048 1374 Denique
