1192 1583
208 129 251 152 22³

445 125 665 147 STATUTA
694 123 881 146 REVGINAE

291 175 399 196 Galenum.
420 172 578 195 Mathematicus
589 172 684 200 professor
691 172 705 193 fi
713 171 885 200 cosmographiam
895 171 953 193 docet
963 172 1040 194 Melam

291 205 380 227 Plinium
396 206 514 226 Strabonem
529 207 564 225 au't
575 204 679 224 Platonem
689 208 777 224 enarret:
792 203 806 224 fi
821 202 967 224 arithmeticam
983 205 1041 224 Ton-

291 236 372 258 stallum
383 240 419 257 aut
429 236 544 257 Cardanum
553 236 593 255 &ci
604 234 619 255 fi
629 234 758 261 geometriam
768 233 882 254 Euclidem:
897 233 912 254 fi
921 234 1040 255 astronomi-

291 273 325 288 am
340 267 474 289 Ptolomaeum
489 269 573 286 enarret.
598 265 716 287 Dialeffices
725 263 821 292 profess'or
829 264 940 285 Aristotelis
949 265 1041 286 elenchos

294 302 329 318 aut
339 297 406 325 topica
416 296 525 318 Ciceronis.
549 295 656 316 Praeleetor
670 295 776 316 rhetorices
786 294 1041 322 antfflanumrflermo-

293 335 366 356 genem
383 332 419 349 aut
428 328 515 355 aliquem
530 326 593 347 alium
607 326 681 346 librum
697 325 830 346 oratoriarum
845 325 954 346 Ciceronis.
984 326 1042 352 Qos

293 365 364 379 omnes
373 359 435 379 libros
449 357 526 384 vulgari
540 356 610 383 lingua
624 363 661 386 pro
674 359 737 383 captu
747 360 767 376 et
781 355 913 383 intelligentia
927 356 1043 377 auditorum

295 389 402 416 explicabit
411 387 621 416 interpretabiturque.
645 388 721 407 Graecae
736 386 810 413 linguae
825 386 920 414 professor
930 387 1044 408 Homerum

295 419 400 440 Isocratem
412 418 568 440 Demosthenem
583 417 701 445 Euripidem
712 422 748 438 aut
756 416 820 437 alium
834 423 858 437 ex
867 416 1016 444 antiquioribus
1025 422 1044 438 et

294 454 357 471 artem
367 456 410 470 una
419 456 466 470 cum
476 448 597 477 proprietate
607 447 681 475 linguae
691 447 776 468 docebit.
796 447 873 472 Lector
887 447 991 468 hebraicus
1002 455 1044 469 non

294 480 331 502 nili
341 487 365 501 ex
376 480 468 501 fontibus
483 480 541 500 sacrae
556 478 657 506 scripturae
672 478 765 506 praelegat
779 477 878 505 simulque
892 478 1044 505 grammaticam

297 511 413 532 hebraicam
427 516 447 531 et
461 510 536 537 linguae
551 509 693 537 proprietatem
708 508 793 529 docebit.
819 509 895 529 Omnes
910 508 971 529 unius
986 514 1045 537 atque
1077 513 1079 515 ·

297 541 383 569 ejuffiem
404 540 490 562 scientia
504 539 600 561 leffiones
620 546 661 560 una
678 544 739 568 atque
753 539 821 560 eadem
837 538 887 560 hora
901 539 970 567 legant
986 544 1045 568 atque

295 576 424 593 concurrant.

485 635 518 665 'De
523 643 640 671 publicarum
647 642 740 664 lemanum
748 642 867 664 auditoribus.

583 699 601 719 C
630 699 649 719 A
677 699 700 719 P.
742 698 768 719 V.

365 754 468 775 ULLUS
487 752 580 774 scholaris
599 760 722 782 quocunque
735 753 800 780 gradu
816 757 836 774 et
850 753 933 775 nomine
948 753 1049 775 censeatur

381 784 419 806 swe
434 784 565 811 collegiorum
579 783 684 812 stipendiis,
700 783 819 805 sustentetur
832 784 870 805 five
884 784 923 806 suis
937 784 1048 813 sumptibus

299 815 367 836 alatur
376 815 439 836 ullam
449 814 550 843 publicam
560 814 668 835 leffionem
679 814 721 841 ejus
728 814 850 842 proseffionis
861 815 894 836 cui
904 815 1013 837 destinatus
1022 816 1049 837 est

300 845 383 867 omittat
396 846 427 866 sed
441 852 453 866 a
462 845 561 874 principio
572 845 633 873 ulilue
643 846 668 866 ad
681 845 742 866 finem
757 845 824 873 quiete
837 850 857 867 et
866 850 942 867 attente
955 853 1000 867 eam
1013 853 1049 867 an-

302 876 356 897 diat:
372 876 469 904 nullaque
482 876 525 903 ejus
539 876 639 897 excusatio
648 876 766 897 admittatur
776 876 813 897 nili
824 876 947 897 infirmitatis
962 878 993 898 vel
1002 877 1050 898 alte-

302 907 345 928 rius
355 907 497 935 urgentiffimae
507 907 623 928 neceffitatis
634 906 690 935 prius
700 907 731 927 vel
745 907 790 935 post
799 906 853 928 intra
866 907 957 928 triduum
971 914 1006 936 per
1016 909 1050 929 ab-

300 938 379 959 -sentem
390 945 401 958 a
415 937 501 958 leffione
511 938 566 958 ultro
580 938 684 965 alleganda
692 942 712 958 et
721 945 757 966 per
766 938 943 965 procancellarium
958 939 990 959 vel
1004 946 1051 967 pro-

304 973 405 990 curatores
423 965 559 996 approbanda.
588 969 631 996 Qi
648 968 695 989 huic
713 968 836 991 ordinationi
852 976 894 989 non
910 968 999 997 paruerit
1015 976 1052 997 pro

303 999 370 1028 prima
383 999 426 1020 vice
440 999 528 1027 pretium
542 1005 698 1020 communarurn
712 998 774 1020 unius
787 999 826 1020 diei
841 1006 879 1027 pro
892 999 977 1020 secunda
991 1000 1052 1021 trium

304 1036 343 1058 pro
352 1030 411 1051 tertia
424 1029 486 1053 unius
501 1029 631 1051 hebdomadae
645 1036 683 1057 pro
697 1031 769 1057 quar'ta
782 1029 869 1059 duarum
883 1030 1053 1060 hebdomadarum

305 1060 411 1089 persolvat.
440 1061 503 1087 Qod
522 1060 536 1081 {i
551 1060 636 1087 alicujus
657 1060 779 1087 negligentia
796 1064 816 1081 et
831 1061 959 1082 contumacia
974 1061 1054 1089 longius

305 1091 418 1120 procefferit
427 1098 465 1119 pro
475 1091 558 1112 arbitrio
566 1090 646 1112 domini
656 1091 767 1112 cancellarii
777 1091 881 1119 puniatur.
902 1091 999 1119 Magister
1004 1100 1055 1120 prae-

306 1122 334 1143 ses
344 1127 380 1143 aut
389 1121 506 1150 praepositus
515 1122 611 1150 cujusque
624 1121 702 1149 collegii
717 1122 769 1143 hanc
783 1122 881 1144 mulstam
891 1123 915 1143 ad
929 1123 1055 1145 denunciati-

307 1160 368 1174 onem
378 1157 398 1173 et
408 1152 527 1180 petitionem
537 1152 648 1173 cancellarii
657 1153 683 1173 ab
692 1159 717 1173 eo
727 1153 764 1181 qui
777 1153 887 1181 peccaverit
896 1153 971 1181 exigito
981 1158 1001 1174 et
1010 1160 1055 1182 per-

307 1184 378 1205 solvito
401 1183 527 1204 dividendam
551 1183 655 1211 aequaliter
672 1183 725 1204 inter
742 1183 863 1204 academiam
882 1188 1020 1211 procuratores
1036 1189 1056 1206 et

307 1221 417 1242 praecones.
442 1215 511 1242 Atque
520 1220 562 1241 quo
575 1213 648 1234 certius
657 1213 733 1234 constet
746 1213 782 1242 qui
796 1214 869 1242 cuique
878 1214 960 1235 leffioni
969 1215 1057 1236 interesse

307 1249 415 1266 teneantur
429 1245 523 1266 volumus
537 1249 561 1265 ut
578 1243 669 1272 primarii
683 1244 765 1265 lectores
779 1245 873 1266 omnium
887 1245 1018 1273 collegiorum
1032 1246 1058 1267 ab

308 1275 378 1303 aliquo
387 1282 504 1303 praeconum
518 1275 586 1296 triduo
596 1279 643 1296 ante
657 1274 739 1296 initium
754 1275 849 1303 cujusque
863 1275 945 1297 termini
959 1276 1058 1297 admoniti

308 1305 422 1327 schedulam
432 1306 516 1327 nomina
526 1305 651 1333 singulorum
665 1305 764 1327 sociorum
778 1306 922 1334 discipulorum
935 1306 1059 1335 penfionari-

309 1343 369 1358 orum
378 1335 487 1358 fizatorum
496 1336 641 1358 subfizatorum
650 1335 672 1358 in
678 1336 721 1358 *suis
730 1336 818 1365 collegiis
827 1337 998 1359 commorantium
1008 1345 1059 1360 con-

960 1368 1059 1391 tinentem
