1192 1583
185 135 212 158 ΒΞ

399 131 626 155 STATUTA
653 129 882 158 ANTlQU‘A.

458 221 483 242 ¹7
485 220 505 242 5.
522 214 556 235 De
564 212 655 235 habffibus
664 212 685 233 in
690 211 831 241 procgffionibus.

337 272 356 292 Ο
364 271 376 292 S
395 270 498 298 johannes
516 268 634 297 Rekyngale
652 266 749 297 profeffor
767 267 875 295 theologiae
890 269 1021 291 cancellarius

267 271 328 327 N
340 300 472 323 univerfitatis
482 299 650 328 Cantabrigienfis
659 306 683 320 ac
691 303 753 322 cetus
765 298 869 321 unanimis
878 300 1021 328 magistrorum

268 333 382 361 regentium
391 337 411 353 et
420 331 588 359 non-regentium
602 330 624 351 in
634 331 702 351 eadem
713 330 801 351 volentes
815 330 914 352 honorem
924 331 1021 353 univerfi-

268 364 316 386 tatis
325 364 409 385 iuaesum
419 362 493 384 futuris
502 361 628 390 temporibus
637 365 658 382 et
667 366 692 382 ut
700 360 815 388 juramento
829 361 959 390 astringimus
968 370 1021 391 prx-

267 395 340 417 servari
349 402 371 416 ac
381 395 455 416 statum
465 393 612 421 graduatorum
625 391 735 413 honestatis
744 392 805 413 titulo
814 392 903 414 decorari
912 393 1020 416 statuimus

267 431 288 448 et
296 426 414 447 ordinamus
424 425 479 453 quod
489 423 575 452 quilibet
584 424 693 451 graduatus
699 423 750 445 dum
757 430 836 445 moram
844 423 912 445 fecerit
920 424 942 446 in
951 425 1022 447 nostro

267 456 381 485 municipio
395 455 489 477 habitum
504 455 578 476 habent
591 455 617 476 de
631 454 715 483 proprio
730 454 767 475 suo
783 454 856 482 gradui
871 460 1021 484 competentem

267 495 310 516 quo
319 488 408 509 incedere
418 485 585 515 processionaliter
593 490 686 507 teneatur
699 485 782 513 lingulis
796 486 951 513 proceffionibus
960 494 1021 514 gene-

267 519 344 540 ralibus
354 525 390 547 per
398 518 497 539 statutum
512 516 604 538 limitatis
612 523 635 538 ac
645 516 689 538 aliis
699 523 737 544 pro
751 515 859 538 salvatione
872 517 924 545 regis
933 522 953 539 et
962 518 1021 546 regni

267 554 288 572 et
297 549 372 571 caeteris
382 555 406 570 ex
415 548 478 570 caulis
491 547 601 569 neceffariis
614 554 650 576 per
659 546 801 569 cancellarium
813 547 930 569 ordinandis
940 555 1020 571 necnon

267 580 359 609 vesperiis
368 584 389 601 et
402 578 550 607 inceptionibus
559 579 614 600 illius
623 578 726 600 facultatis
735 578 793 605 cuius
801 578 830 599 est
844 578 938 601 scholaris
951 580 973 601 in
987 587 1021 601 ec-

266 611 324 633 clefia
333 611 395 632 beatae
405 610 488 638 virginis
498 609 606 631 solenniter
614 609 717 631 celebratis
728 609 751 631 in
760 609 831 630 eodem
844 610 917 631 habitu
931 610 1020 632 intel-elli:

267 642 355 664 strifflus
365 641 472 669 obligetur.
501 642 526 662 In
540 641 615 669 quibus
629 640 706 662 casibus
717 640 786 662 nullus
800 640 820 661 se
833 639 936 663 absentare
944 642 1020 670 prasu-

267 677 311 695 mat
320 673 358 694 nifi
367 679 429 702 quem
442 671 566 693 rationabilis
581 671 639 693 causa
652 671 732 693 excusat
745 678 782 701 per
794 672 936 694 cancellarium
945 679 1020 702 appro-

267 704 341 726 banda.
1011 704 1014 706 '

418 769 463 797 176.
482 769 516 790 De
520 768 591 797 penulis
598 772 616 789 et
621 767 699 796 pellaris
707 767 870 790 baccalaurearum.

325 825 408 845 'NNO
429 823 514 845 Domini
529 823 635 845 millesimo
651 824 712 844 cccc·
729 824 775 845 xiv·
790 825 852 845 xxiv·
865 824 897 845 die
915 823 964 845 maii
979 831 1018 845 nos

353 855 466 883 stephanus
481 856 510 876 Le
524 856 597 883 Scrope
610 854 633 876 in
647 854 724 882 legibus
738 854 852 876 licentiatus
866 855 1024 876 archidiaconus

268 885 410 907 Richmondiae
428 886 558 907 cancellarius
578 885 712 907 univerfitatis
730 886 899 913 eantahcigienfis
919 886 1019 914 cantusque

267 917 371 938 unanimis
381 917 523 944 magistrorum
537 916 651 945 regentium
664 921 685 937 et
699 917 866 945 non-regentium
881 917 902 938 in
916 916 985 938 eadem
996 917 1019 938 in

268 948 328 975 plena
341 948 497 976 congregatione
511 948 579 969 nostra
597 948 622 968 ad
641 947 680 968 hoc
695 947 804 976 specialiter
817 948 915 968 celebrata
929 948 1018 968 volentes

267 978 362 1006 antiqua&
371 985 391 1000 et
400 979 509 1000 laudabiles
519 978 673 1000 consuetudines
687 978 709 1000 in
719 978 773 1000 dista
784 978 910 1000 universitate
919 978 1018 999 hactenus

267 1010 388 1038 approbatas
407 1016 439 1031 eas
453 1009 561 1038 praesertim
575 1016 622 1038 quae
638 1010 783 1037 graduatorum
797 1009 921 1030 honestatem
935 1016 1018 1030 concer-

266 1044 321 1061 nunt
331 1041 355 1061 de
364 1045 435 1062 caetero
444 1040 586 1062 inviolabiliter
595 1039 694 1061 observari
703 1040 810 1061 statuimus
824 1045 844 1061 et
854 1040 972 1061 ordinamus
981 1040 1018 1061 sub

267 1077 329 1099 poena
352 1071 483 1100 suspenfionis
502 1071 671 1093 inhabilitationis
690 1076 711 1092 et
733 1071 948 1092 excommunicationis
967 1078 1018 1099 quas

267 1102 394 1130 transgress'or
403 1102 464 1129 hujus
475 1102 543 1124 statuti
552 1102 642 1124 incurrat
653 1102 696 1130 ipso
705 1101 759 1123 facto
769 1102 824 1130 quod
834 1103 903 1123 nullus
914 1102 1018 1123 baccalau-

268 1139 313 1154 reus
323 1133 459 1161 cuiuscunque
470 1133 531 1154 fuerit
541 1133 643 1154 facultatis
654 1133 675 1154 in
685 1134 756 1155 scholis
764 1133 918 1161 proceffionibus
929 1137 965 1154 aut
974 1133 1018 1154 aliis

268 1164 346 1185 actibus
356 1164 510 1192 quibuscunque
519 1164 550 1186 uti
564 1164 671 1194 praesurnat
685 1165 759 1193 penula
768 1164 836 1192 aliqua
846 1164 877 1185 vel
891 1164 969 1192 pellura
982 1169 1018 1185 aut

266 1195 404 1223 duplicatione
413 1196 436 1216 de
446 1195 506 1217 serico
515 1195 597 1217 findone
610 1201 647 1216 aut
661 1195 712 1216 veste
721 1196 781 1216 altera
796 1195 904 1216 conlimilis
918 1195 976 1223 pretii
986 1195 1019 1216 seu

268 1226 341 1247 valoris
351 1226 372 1247 in
383 1227 466 1248 tabardo
475 1226 558 1255 caputio
567 1231 602 1247 aut
611 1227 633 1247 in
643 1226 683 1247 alio
693 1226 763 1247 habitu
771 1233 895 1255 quocunque
904 1226 1019 1248 scholastico

268 1256 301 1277 sed
310 1261 390 1278 tantum
401 1256 487 1283 furfuris
496 1258 579 1285 buggeis
588 1262 625 1278 aut
638 1257 718 1285 agninis
727 1257 802 1285 quibus
812 1257 833 1278 in
843 1258 886 1278 suis'
892 1257 977 1285 caputiis
987 1257 1017 1278 so-

268 1287 375 1308 lummodo
385 1288 415 1309 uti
429 1289 501 1309 debent
511 1288 597 1316 exceptis
612 1288 710 1316 magistris
723 1288 852 1316 gremialibus
866 1288 913 1310 filiis
922 1288 1017 1309 domino-

268 1324 315 1339 rum
331 1325 410 1339 necnon
425 1319 468 1340 aliis
485 1320 510 1340 ad
526 1319 622 1341 beneficia
636 1319 763 1340 ecclesiastica
777 1319 808 1339 vel
822 1319 903 1340 aliunde
919 1319 1018 1347 promotis

267 1356 356 1377 quorum
366 1349 441 1371 reditus
452 1350 485 1371 seu
494 1355 605 1378 proventus
618 1350 643 1371 ad
656 1350 744 1371 valorem
758 1356 850 1372 annuum
865 1349 949 1378 triginta
964 1356 1017 1370 mar-

949 1387 1019 1402 carum
