1192 1583
213 135 239 159 88

432 134 654 157 STATUTA
682 133 911 161 ANTIQUAE

293 183 340 206 sunt
349 182 435 205 affectati.
463 181 539 204 Cistam
549 181 636 203 Gilberti
650 181 674 202 de
688 180 810 209 Rondebyry
819 181 934 203 custodiant
946 181 989 203 duo
1001 189 1046 204 ma.

292 214 349 243 gistri
358 214 434 236 artium
445 220 499 235 uuus
514 219 583 241 regens
597 213 648 234 alter
660 219 786 240 non-regens
794 212 820 234 de
830 219 873 241 qua
886 213 956 234 nullus
969 212 1046 236 haben·

293 245 369 268 reditus
377 245 404 267 ad
412 245 501 266 valorem
515 252 529 266 x
539 244 638 265 librarum
647 243 756 266 annuatim
764 243 787 265 in
801 243 938 272 spiritualibuz
951 244 983 266 vel
993 248 1046 266 tem-

294 277 397 306 poralibus
406 276 483 304 aliquid
494 280 567 297 mutuo
576 275 668 304 accipiat.
692 276 724 296 De
738 275 781 296 non
795 274 917 297 habentibus
931 282 978 296 vero
992 276 1044 297 redi-

294 313 328 329 tus
347 307 462 334 hujusmodi
477 307 570 335 magister
585 311 679 328 mutuare
694 306 772 335 poterit
782 312 847 327 unam
861 313 950 328 marcam
966 311 987 327 et
1002 314 1046 328 non

293 340 348 360 ultra
358 339 497 360 baccalaureus
507 337 554 359 octo
564 337 636 358 solidos
646 342 666 358 et
675 344 718 358 non
728 337 783 358 ultra
793 337 886 358 scholaris
900 344 947 358 vero
961 337 1045 359 inferior

292 370 383 399 quinque
393 369 464 390 solidos
474 368 570 396 cujusque
584 367 686 389 facultatis
695 373 715 389 et
726 368 765 389 hoc
774 368 811 389 sub
825 368 909 396 pignore
918 368 965 389 libri
974 369 1005 389 vel
1015 369 1045 390 al-

291 400 354 422 terius
362 400 431 427 jocalis
441 399 540 420 summam
548 403 664 420 mutuatam
674 398 790 420 notabiliter
799 398 918 420 excedentis.
948 399 1045 421 Custodes

290 432 352 453 etiam
362 431 408 459 post
417 430 495 460 lapsum
509 429 559 451 anni
573 430 661 451 vendant
674 429 759 458 pignora
773 430 857 451 reddant
871 434 993 463 computum
1006 431 1046 452 &cl

290 467 316 483 ut
325 463 384 490 supra
393 461 472 483 dictum
482 461 517 482 est.
546 460 622 482 Cistam
632 460 719 482 Walteri
733 461 784 481 Neel
798 460 912 482 custodiant
925 465 965 483 tres
979 461 1046 489 magi-

291 493 326 514 stri
335 493 411 514 artium
420 499 510 520 quorum
520 498 573 513 unus
583 491 608 512 fit
621 491 695 512 aularis
705 491 740 512 alii
748 492 790 512 duo
799 498 888 519 quorum
898 496 970 513 neuter
978 492 1045 513 custo-

291 524 346 545 diam
355 523 413 545 dic'tae
421 523 473 544 cistae
483 529 538 544 anno
549 522 663 543 immediate
673 522 797 551 praecedente
806 522 879 544 habuit
893 522 930 551 qui
943 522 1044 551 eligantur

290 554 345 576 infra
354 555 402 576 osto
411 554 452 575 diea
461 550 506 582 post
514 553 588 575 festum
598 553 661 574 sancti
671 553 762 581 Dionyfii
772 558 792 574 et
806 554 832 574 ad
840 553 976 575 ordinationes
987 554 1045 582 super

291 585 380 607 custodia
390 585 449 607 dietae
457 585 510 606 cistae
525 585 609 606 statutas
623 585 754 620 corporaliter
766 584 847 612 jurent:
861 591 875 605 a
888 591 929 612 qua
938 584 986 606 cista
995 585 1044 606 nul-

290 617 335 638 lum
344 616 449 645 praestetur
458 621 555 637 mutuum
570 615 607 637 nisi
621 615 657 636 sub
672 615 756 643 pignore
769 615 877 644 pecuniam
891 620 1008 637 mutuatam
1021 616 1044 637 in

291 652 364 676 quarta
379 651 436 676 parte
453 648 570 668 excedente:
588 646 663 675 pignus
678 653 725 667 vero
740 647 785 674 post
800 653 879 668 annum
894 646 931 667 nifi
945 646 1044 668 habeatur

289 678 344 700 fasta
354 678 408 699 trina
418 677 531 699 monitione
539 678 649 698 vendatur:
660 677 795 698 excrescentiae
802 677 817 698 fi
827 684 873 706 quae
883 676 959 699 fuerint
966 677 988 699 in
994 684 1043 699 ven-

289 709 367 731 ditione
385 709 492 730 tradantur
508 708 661 736 impignoranti.
690 709 724 729 Ab
739 708 776 729 hac
794 708 841 729 cista
860 712 953 730 mutuare
967 708 1042 736 poterit

289 740 415 769 quiscunque
422 739 514 767 magister
524 739 604 760 studens
614 739 635 760 in
646 739 773 760 universitate
783 747 812 760 Lx
820 738 892 760 solidos
902 739 1043 761 baccalaureus

289 779 319 793 xx
329 771 401 793 solidos
411 770 504 792 scholaris
514 777 577 791 unam
588 777 677 791 marcam
691 775 711 791 et
725 777 767 791 non
777 770 832 791 ultra
845 770 880 791 alii
894 777 937 791 non
946 770 1044 792 scholares'

289 810 332 824 non
344 802 425 831 penitus
434 801 481 822 inde
491 806 564 822 mutuo
578 801 685 829 accipiant.
714 802 783 822 Plures
797 801 841 822 alia:
855 801 981 823 conditiones
995 801 1043 823 sunt

289 833 310 855 in
321 833 396 854 statuto
404 833 429 853 de
443 832 491 853 cista
504 832 606 860 praedieia.
630 832 706 853 Cistam
721 832 793 853 sanatae
807 832 914 853 Trinitatis
928 832 1043 854 custodiant

289 869 329 885 tres
339 863 428 891 magistri
437 863 459 884 in
468 863 545 884 artibus
560 869 649 891 quorum
663 870 717 884 unus
728 863 751 884 fit
765 863 790 884 de
799 863 883 891 collegio
896 863 955 885 distat
969 863 1041 884 Trini-

289 895 336 916 tatis
346 894 408 922 jurati
418 898 438 915 et
447 893 504 915 electi
514 899 537 914 ut
546 894 567 914 in
579 894 672 922 proximo
681 894 771 922 capitulo
781 894 876 915 totaliter.
898 894 932 915 Ab
941 894 979 915 hac
992 894 1041 915 cista

289 930 383 947 mutuare
398 925 472 953 poterit
486 924 578 952 magister
592 924 673 946 studens
688 932 710 946 xv
725 925 785 946 libras
799 929 820 946 et
835 924 921 953 quilibet
937 924 1043 946 consocius'

288 957 340 978 aulae
351 956 440 977 similiter
450 956 590 977 baccalaureus
600 963 643 976 xxx
654 956 724 977 solidos
732 955 825 977 scholaris
832 956 863 977 vel
873 955 961 976 bedellus
968 963 999 976 xx
1008 955 1041 977 so-

287 988 339 1009 lidos
350 988 387 1008 bec.
397 992 422 1008 ut
431 987 453 1008 in
463 986 552 1015 capitulo
561 986 663 1015 proximo.

291 1052 336 1074 182.
356 1053 487 1083 Juramentum
493 1057 529 1080 pro
535 1052 615 1080 stngulis
624 1051 720 1079 custodibus
729 1051 814 1078 cistarum
823 1051 871 1080 quod
871 1051 945 1080 fidu-et
953 1051 1000 1073 libri
1004 1057 1040 1082 pro

504 1082 616 1104 cautionibus
625 1090 659 1104 non
663 1082 709 1111 fiant
718 1083 824 1112 recipiendi.

328 1139 497 1160 TATUTUM
506 1138 534 1160 est
542 1142 562 1159 et
572 1137 690 1159 ordinatum
699 1145 735 1167 per
743 1138 840 1165 majorem
850 1145 874 1159 ac
884 1138 981 1162 saniorem
991 1145 1038 1167 par-

333 1175 373 1191 tem
384 1169 495 1197 regentium
503 1173 523 1190 et
531 1169 698 1197 non-regentium
707 1169 840 1190 universitatis
849 1169 986 1197 Cantabrigiae
996 1169 1038 1190 sex-

286 1205 308 1222 to
317 1200 349 1221 die
358 1199 472 1221 novembris
482 1207 537 1220 anno
549 1200 642 1221 Domini·
651 1199 756 1221 millefimo
771 1201 832 1222 cccc·
846 1200 968 1229 octogefimo
981 1201 1038 1228 quod

285 1233 310 1253 de
319 1237 391 1253 caetero
401 1232 470 1252 nullus
479 1231 544 1251 custos
559 1231 644 1258 alicujus
654 1230 706 1252 cistae
715 1230 737 1252 in
746 1231 842 1259 praedieta
852 1231 979 1252 univerfitate
988 1231 1038 1252 fun·

285 1263 337 1283 datae
346 1263 377 1283 vel
385 1262 478 1290 deinceps
493 1261 602 1283 fundandae
616 1261 678 1283 libros
692 1261 771 1290 aliquos
785 1262 808 1283 in
823 1262 894 1290 papiro
909 1261 992 1290 scriptos
1006 1262 1038 1284 vel

284 1293 386 1320 impressos
397 1300 434 1320 pro
444 1293 538 1314 cautione
548 1293 586 1314 slve
595 1297 652 1322 parte
666 1292 767 1315 cautionis
781 1292 853 1320 quovis
868 1293 930 1314 modo
943 1293 1037 1321 deinceps

245 1325 247 1327 '
284 1324 367 1352 recipiat
376 1323 412 1344 sub
420 1331 480 1352 pcena
489 1324 550 1345 unius
560 1331 632 1345 mareae
642 1323 765 1346 universitati
779 1324 914 1352 applicandae=
928 1328 949 1345 et
962 1324 987 1345 ad
998 1325 1036 1345 hoc

283 1355 383 1376 statutum
392 1355 487 1382 volumu}
498 1354 586 1383 singulos
593 1355 684 1377 custodes
693 1354 716 1377 in
724 1354 926 1377 suis‘admiffionibus
933 1355 1037 1383 corporale

283 1386 371 1414 praebere
378 1386 524 1416 juramentum:
1003 1416 1015 1438 8

991 1423 999 1438 ι
1017 1421 1038 1445 3,·
