1192 1583
337 116 558 139 STATUTA
585 117 811 146 ANTIQUA.

195 165 303 187 matricula
312 164 401 193 magistri
411 164 441 186 sui
454 165 542 193 redigere
555 171 599 186 non
613 165 711 187 curaverit
725 165 762 187 nisi
772 165 860 194 magistri
873 166 902 188 sui
911 167 949 189 abr-

195 196 257 217 sentia
266 196 298 217 vel
307 195 359 224 justa
368 203 440 217 eorum
450 196 557 224 occupatio
566 195 617 217 illud
626 196 731 225 impediat:
742 196 806 218 immo
820 197 835 219 fi
844 197 891 226 quis
900 198 946 220 talis

195 227 231 248 sub
240 227 323 248 nomine
333 226 427 248 scholaris
436 227 462 248 fic
471 227 549 248 latitare
557 226 674 255 'compertus
684 227 745 249 fuerit
754 228 786 249 vel
794 228 908 250 detineatur
917 230 948 250 vel

194 257 296 285 rejiciatur
301 257 359 285 juxta
365 257 443 279 domini
451 258 501 285 regis
507 258 565 286 super
573 258 612 280 hoc
618 258 728 280 concessam
735 258 854 280 libertatem.
870 260 948 281 Nullus

193 289 275 317 insuper
285 289 428 317 magistrorum
438 289 526 317 aliquem
537 294 636 317 tanquam
645 289 753 311 scholarem
762 290 869 318 proprium
876 288 947 312 defen'-

193 320 229 340 dat
238 319 275 348 qui
284 319 377 341 scholaris
386 319 429 347 eius
437 327 480 341 non
489 319 555 341 existit
564 325 584 341 et
598 320 656 347 cujus
669 327 745 342 nomen
759 321 781 342 in
795 321 902 342 matricula
912 321 948 343 sua

193 349 237 372 uon
247 351 320 371 habeat
329 348 425 372 inserturi:
435 350 472 372 nisi
482 350 530 372 alias
540 351 595 379 quod
605 351 651 372 suus
661 351 685 372 sit
694 351 788 373 scholaris
803 357 877 373 certam
889 352 913 373 de
922 359 949 374 eo

193 381 286 403 habuerit
297 381 398 402 notitiam.
427 383 517 403 Caveant
526 386 594 403 tamen
603 378 691 410 magistri
702 387 791 410 regentes
802 390 827 404 ne
837 389 884 411 erga
894 390 946 412 pau-

193 419 249 441 peres
260 412 355 433 scholares
365 412 410 433 suos
420 412 509 433 difficiles
519 412 537 433 se
550 412 658 434 exhibeant
667 413 698 434 sed
712 420 760 434 cum
769 413 866 434 scholares
875 414 946 440 hujus*—

193 442 248 465 modi
258 443 317 464 suurn
327 450 402 464 nomen
416 447 486 471 petant
500 442 558 464 inseri
572 443 610 464 de'
606 443 674 472 inopia
688 443 722 464 sua
732 443 786 465 fasta
800 444 839 465 fide
853 445 947 472 magister

193 481 226 495 eos
238 474 350 501 benigniter
359 474 460 495 admittat.
488 473 592 495 Provisum
606 474 635 495 est
648 479 716 495 autem
726 479 746 495 et
756 475 854 496 statutum
866 479 889 496 ut
898 482 944 496 om-

193 512 229 526 nes
244 510 346 526 morantes
361 505 384 526 in
400 504 513 533 municipio
527 504 596 526 nostro
612 505 648 533 qui
665 505 719 533 spem
733 510 807 533 gerunt
823 505 944 527 scholarium

193 536 231 557 sint
245 535 287 557 veri
305 536 401 557 scholares
417 540 438 557 et
454 535 574 557 lectionibus
591 535 732 563 magistrorum
752 536 835 557 suorum
853 536 945 558 intersint

193 571 254 595 prout
264 567 326 587 decet.
355 567 385 588 Hi
394 574 477 595 quoque
487 566 607 588 scholarium
613 567 714 594 gaudeant
725 567 854 588 immunitate
862 568 897 596 qui
907 568 944 589 sal«-

193 596 234 619 tem
245 604 280 625 per
287 602 327 618 tres
336 598 377 618 dies
384 597 406 618 in
415 597 525 626 septimana
534 597 610 618 scholae
620 598 709 625 magist-ri
717 597 746 619 fui
757 598 896 626 ingrediantur
905 602 952 619 tres·

192 628 287 649 leffiones
297 629 322 649 ad
332 628 400 650 minus
414 628 503 649 audituri
516 628 630 649 dnmmodo
639 635 674 656 per
688 633 727 649 tres
740 628 781 649 dies
791 629 884 656 magister
897 630 944 650 suus

190 659 262 694 legerit
271 659 307 680 nisi
318 657 406 686 magistri
416 659 445 680 sui
459 659 539 680 licentia
548 666 572 689 ez
586 659 644 680 causa
654 659 769 680 rationabili
782 666 853 680 comm
863 660 944 681 excusa-

192 690 241 711 verit
252 689 361 711 absentiam
376 690 462 718 exceptis
472 690 511 711 illis
521 690 557 718 qui
571 690 592 711 in
607 690 684 710 lectura
698 690 766 718 aliqua
779 690 901 725 theologiae
896 691 945 725 iuris

192 721 284 742 canonici
293 720 326 742 seu
336 720 399 742 civilis
409 721 488 748 publice
498 720 574 741 fuerint
583 721 676 748 occupati
691 721 777 748 exceptis
791 721 852 742 etiam
864 721 946 748 majori-

192 752 230 773 bus
240 752 276 780 qui
286 752 354 773 saltem
365 751 427 772 bisin
441 751 552 779 septimana
561 751 655 772 intersint
668 751 789 773 lectionibus
803 752 949 780 magistrorum

191 783 277 804 suorum»
281 783 299 804 -s1
308 783 413 804 commode
423 782 521 811 poterint.

283 855 318 876 3.
338 848 410 875 Defal
419 855 428 868 s
431 847 544 876 scholaribus
553 851 571 869 et
580 848 624 868 aliu
629 848 683 876 pacis
689 848 855 875 perturbatoribus.

256 904 360 924 ULLUS
374 902 457 924 clericus
469 903 493 924 de
507 908 579 924 caetero
593 910 672 924 moram
682 902 759 924 faciat*
754 910 776 924 ln
785 903 898 931 municipio
908 903 944 925 nifi

271 934 296 955 sit
309 928 403 955 scholaris
420 933 533 955 ordinarius
550 934 634 960 alicu-ius
649 933 757 961 magistri
751 941 773 954 m
787 934 823 954 sua
837 934 944 955 matricula

191 964 266 993 positus
278 965 306 986 ita
316 965 371 993 quod
386 971 421 993 per
432 965 493 986 socios
508 965 552 986 suos
567 965 663 985 scholares
677 965 701 985 de
715 964 753 985 hoc
766 965 855 986 constare
869 965 944 993 poterit

191 996 296 1017 evidenter,
325 996 437 1016 statuimus
450 996 511 1016 etiam
521 995 557 1016 sub
567 1002 627 1023 poena
638 995 770 1016 anathematis
785 996 840 1023 quod
854 995 869 1016 si
879 995 946 1023 aliqui.

191 1026 287 1047 scholares
297 1026 384 1054 aliquem
395 1026 457 1047 sciant
466 1026 502 1047 sub
511 1026 594 1047 nontine
605 1026 697 1047 scholaris
708 1026 725 1046 se
739 1033 806 1053 gerere
816 1026 847 1047 vel
857 1026 879 1047 in
893 1026 942 1047 soci-

190 1062 241 1078 etate
251 1057 285 1078 sua
294 1057 382 1085 aliquem
392 1057 478 1078 habeant
487 1057 523 1085 qui
538 1057 655 1085 magistrum
666 1064 708 1078 non
717 1057 789 1077 habeat
803 1062 839 1078 aut
848 1057 941 1078 lectioni-

190 1088 227 1109 bus
238 1089 343 1109 ordinariis
354 1087 442 1115 magistri
456 1088 485 1109 sui
498 1088 607 1109 secundum
622 1087 709 1108 formam
720 1087 836 1115 praedictam
851 1095 893 1109 non
908 1088 940 1108 in-

190 1119 243 1139 tersit
252 1119 282 1139 vel
297 1119 334 1147 qui
343 1118 478 1140 concubinam
493 1118 548 1139 suam
563 1118 735 1139 manifestetenet
750 1119 779 1139 vel
795 1118 864 1146 aliquo
878 1119 944 1139 modo-

189 1156 224 1177 per
234 1149 288 1176 signa
303 1149 412 1170 manifesta·
422 1150 452 1170 vel
467 1149 515 1170 faffl
530 1149 648 1170 evidentiam
659 1150 717 1170 malae
731 1149 832 1177 opinionis
848 1149 908 1169 fuerit
921 1153 942 1170 et

189 1180 228 1201 hoc
238 1181 287 1208 quia
297 1180 331 1201 sur
341 1181 372 1201 vel
381 1180 509 1201 incontinens
519 1180 550 1201 vel
560 1179 613 1208 pacis
629 1180 756 1207 perturbator
770 1179 830 1201 fuerit
845 1179 940 1206 magistro

189 1211 225 1231 suo
234 1211 354 1232 denuntient
369 1211 399 1231 vel
413 1211 532 1231 cancellario
546 1216 569 1231 ut
584 1210 628 1238 post
641 1210 817 1231 denunciationem
833 1210 898 1231 statim
914 1211 943 1231 ab⁴

189 1242 316 1262 universitate
324 1242 395 1270 expelli
405 1241 469 1269 poffit.
491 1240 535 1268 Q
544 1248 591 1262 vero
601 1241 717 1269 provisionis
728 1240 841 1267 hujusmodi
853 1240 940 1262 formam

189 1273 301 1293 conservare
312 1272 452 1301 contempserit
462 1272 502 1293 sine
514 1272 596 1300 strepitu
606 1271 675 1298 judicii
690 1272 715 1292 ab
725 1271 851 1292 universitate
861 1272 942 1292 senten-

189 1303 262 1324 tialiter
271 1304 410 1332 expellatur-et
424 1303 496 1331 majori
505 1307 526 1324 et
540 1302 619 1324 ballivis
627 1309 662 1331 per
676 1302 817 1324 cancellarium
832 1302 942 1323 denuntio--

908 1338 942 1354 tur.

1003 127 1029 143 2¹
