1192 1583
233 136 272 158 ¹44

404 362 971 409 STATUT‘A

347 486 513 512 REGIS
551 485 822 510 EDWARDI
860 484 1033 510 SEXTI.

395 666 435 688 uia
443 673 478 688 rex
487 665 534 687 fidei
543 664 634 686 defensor
643 669 664 685 et
677 664 699 686 in
709 669 762 686 terra
771 664 855 686 ecclefiae
865 665 983 693 Anglicanae
993 671 1013 687 et
1022 667 1062 688 Hi.

384 635 545 657 DWARDUS
559 634 625 655 sextus
635 632 674 655 Dei
688 633 752 662 gratia
762 633 842 661 Angliae
855 633 945 655 Frandae
959 638 979 656 et
988 635 1061 657 Hiber-

313 635 382 718 E
395 697 481 719 bei-nica
494 696 610 724 supremum
619 699 682 724 caput
690 695 767 717 dileffis
777 695 837 717 nobis
850 696 969 718 cancellario
977 703 1062 725 procan-

311 729 393 751 cenario
410 727 527 750 destos-ibus
541 726 640 754 magistris
654 726 754 754 discipulis
768 731 789 747 et
802 726 898 748 omnibus
912 727 949 755 qui
962 727 1061 750 bonarum
1097 727 1099 729 ’

310 760 416 782 literarum
439 758 504 780 studia
520 757 642 787 profitentur
660 757 683 778 in
699 757 801 778 academia
818 757 886 779 nostra
904 758 1063 787 Cantabrigienfl

311 790 402 813 salutem.

341 822 373 843 Ad
383 820 473 842 officium
482 819 561 848 regium
569 819 657 848 pertinet
671 825 714 840 non
725 818 791 840 solum
805 819 866 841 armis
874 826 898 841 ac
906 820 927 841 vi
936 821 1036 849 populum
1050 828 1062 843 a

311 853 358 875 Deo
367 852 425 873 nohis
435 856 455 873 et
465 851 538 872 nostra
546 849 689 878 gubernationi
695 850 793 871 creditum
799 850 890 872 adversus
900 856 992 873 externos
997 852 1062 874 hostes

311 883 364 905 tueri
375 890 397 904 ac
406 882 510 903 defendere
519 888 588 903 verum
599 880 660 902 etiam
667 881 754 902 eundem
760 881 835 902 virtute
843 888 916 909 augere
924 882 1022 904 dostrinis
1027 890 1062 905 ex-

310 915 375 936 colere
384 918 405 935 et
414 913 500 935 omnino
509 916 611 941 quantum
625 912 647 933 in
661 911 721 933 nobis
734 912 763 933 est
775 912 834 933 omni
847 912 924 941 ubique
938 914 1008 941 agresti
1022 914 1062 935 im.

310 945 409 967 inanitate
418 948 438 965 et
448 943 494 966 rudi
503 943 582 965 feritate
591 942 673 972 depulsa
686 950 732 971 quae
741 943 790 964 solet
803 942 885 965 inscitiae
895 948 915 964 et
928 944 1061 971 ignorationis

310 976 348 997 effe
356 982 422 997 comes
433 974 559 996 humanitate
568 979 588 995 et
597 973 682 996 scientiis
691 981 788 995 exomare
801 978 862 1002 atque
872 974 1000 1003 amplificare.
1028 977 1063 997 Ad

310 1014 374 1035 quam
383 1013 425 1027 rem
435 1006 474 1027 hoc
482 1011 573 1034 tempore
583 1006 676 1027 animum
685 1005 799 1032 adjicientes
808 1005 896 1033 impulsu
905 1010 926 1027 et
935 1006 992 1027 suasu
1002 1007 1062 1028 nobi-

309 1037 376 1059 liffimi
385 1041 406 1058 et
416 1036 474 1058 nobis
484 1043 546 1065 quam
556 1035 664 1057 chariffimi
673 1036 767 1057 avunculi
777 1035 855 1057 domini
865 1037 958 1058 Edwardi
968 1037 1007 1059 Dei
1015 1045 1063 1066 gra·-

310 1069 339 1090 tia
354 1068 411 1090 ducis
426 1067 530 1089 Somerseti
546 1067 626 1088 comitis
641 1066 764 1088 Hertfordiae
778 1066 911 1088 vice-comitis
924 1069 1062 1097 Beauchampi

308 1099 387 1121 domini
397 1100 495 1127 Seymour
505 1098 577 1119 summi
591 1097 708 1119 thesaurarii
722 1101 742 1119 et
755 1097 835 1119 comitis
849 1098 972 1120 mareschalli
982 1100 1062 1128 Angliae

309 1130 449 1159 gubernatoris
459 1129 547 1158 personae
562 1128 634 1150 nostrae
644 1128 702 1156 regiae
711 1133 732 1150 et
745 1128 864 1157 protetstoris
879 1130 973 1151 omnium
988 1137 1062 1158 regno-

309 1169 356 1183 rum
365 1160 502 1182 dominiorum
512 1164 532 1181 et
546 1159 672 1181 subditorum
682 1160 817 1187 omniumque
830 1158 946 1181 nostrorum
960 1161 1061 1183 bellorum

308 1197 362 1214 terra
371 1191 446 1213 marive
458 1191 596 1219 gerundorum
611 1190 670 1218 legati
684 1190 757 1211 summi
772 1194 792 1212 et
806 1190 875 1211 sacrati
889 1191 970 1219 garterii
984 1192 1062 1214 ordinis

308 1223 381 1251 equitis
390 1227 411 1244 et
419 1226 537 1243 caeteromm
544 1221 702 1242 consuiariorum
711 1221 826 1243 nostrorum
834 1222 858 1242 ad
864 1222 974 1243 academias
984 1223 1062 1245 nostras

307 1254 377 1275 oculos
387 1253 495 1281 adjecimus
509 1256 581 1280 utpote
595 1252 620 1273 ad
630 1251 696 1273 fontes
710 1256 731 1273 et
740 1252 845 1274 seminaria
857 1252 997 1275 dobirinarum
1008 1255 1063 1276 unde

308 1284 398 1306 exoriens
411 1283 501 1312 cognitio
510 1282 551 1304 veri
566 1283 588 1304 in
598 1282 699 1304 universas
708 1283 794 1304 ditiones
805 1284 883 1305 nostras
897 1283 945 1305 fluit
953 1291 976 1305 ac
986 1291 1061 1313 propa-

307 1320 381 1344 gatur:
395 1315 417 1336 in
426 1314 501 1343 quibus
511 1314 525 1336 fi
539 1314 585 1336 vitae
598 1321 621 1335 ac
632 1321 713 1336 morum
727 1313 831 1342 integritas
845 1322 893 1336 cum
908 1322 954 1336 vera
967 1315 1061 1338 dostrina

307 1346 403 1368 elucescat
419 1345 488 1367 omnia
506 1352 567 1373 regna
581 1345 648 1367 nostra
662 1345 736 1367 neeess'e
749 1345 777 1366 est
791 1352 816 1366 eo
830 1346 933 1374 splendore
950 1346 1059 1369 illustrari:

1031 1378 1064 1400 fin
