1192 1583
317 126 538 150 s'rATUTA
566 124 790 154 Aurxo‘ua.

177 175 250 198 nostra
271 174 388 203 profectum
409 175 485 197 stholas
502 182 617 203 novamque
635 175 724 204 superius
742 174 843 197 librariam
862 175 928 204 polito

177 206 243 234 lapide
252 205 369 234 sumptuosa
379 212 454 234 pompa
463 212 486 227 ae
497 206 563 234 dignis
574 205 660 227 aedificiis
670 205 774 234 perfecerit
782 212 868 234 eamque
880 213 928 227 om-

177 238 271 263 nibusyut
280 236 348 258 decuit
357 237 417 258 rebus
426 241 543 258 exornatam
553 243 594 258 non
605 237 674 265 paucis
683 237 714 257 vel
729 236 801 258 vilibus
811 236 866 258 libris
875 243 928 265 opu-

176 268 253 290 lentam
268 267 353 289 reddidit
366 267 494 295 plurimaque
510 267 590 296 insuper
605 268 643 289 alia
658 268 712 288 bona
725 268 789 289 eidem
803 267 928 289 universitati

176 298 293 328 procuravit
305 298 380 319 idcirco
395 305 432 319 nos
446 297 560 320 antedictus
574 298 755 319 vice-cancellarius
770 298 870 326 eretusque
884 305 928 319 ma-

177 329 286 357 gistrorum
305 328 439 353 universitatis
458 328 547 357 praefatae
560 329 656 357 praedic'ta
670 329 814 350 considerantes
831 329 929 357 suamque

177 359 340 382 munificentiam
357 366 405 380 cum
419 359 530 387 gratiarum
545 359 624 381 afflone
638 360 780 388 amplectentes
794 360 859 381 eidem
872 367 928 381 reve-

176 391 240 413 rendo
248 390 333 412 domino
345 390 479 418 spiritualium
493 390 646 412 retributionem
660 396 684 412 ut
698 390 801 419 possumus
815 390 930 420 impendere

177 422 280 450 cupientes
299 421 422 443 decrevimus
439 421 526 443 eundern
543 422 675 443 venerabilem
693 426 771 449 patrem
785 422 838 443 inter
853 422 929 450 primos

177 452 314 474 benefactores
325 451 459 473 universitatis
470 452 542 473 nostrae
553 457 649 480 perpetuo
657 453 785 473 statuendum
795 457 815 473 et
825 453 880 480 quod
890 460 928 473 no-

178 490 226 504 men
236 483 323 510 ejusdem
333 483 386 504 inter
399 482 484 504 nomina
498 483 650 504 benefactorum
664 483 780 504 nostrorum
794 483 891 504 scribatur
904 488 929 505 ut

179 514 237 535 annis
252 514 335 542 fingulis
348 520 384 542 per
398 514 518 538 sacerdotem
533 514 621 542 lingulas
636 514 711 534 scholas
728 513 869 542 magistrorum
882 514 929 535 visi-

178 549 255 566 tantem
265 545 290 566 ad
301 545 401 566 orandum
410 551 448 573 pro
458 543 619 566 benefacioribus
629 544 761 566 universitatis
776 544 884 572 specialiter
898 552 930 566 re-

178 576 258 597 citetur.
281 575 365 603 Insuper
374 575 491 596 ordinamus
501 580 521 596 et
531 575 638 596 statuimus
647 575 685 596 nos
695 582 718 596 ac
728 575 841 596 succeslbres
850 575 929 597 nostros

178 607 200 628 in
209 610 331 635 perpetuum
345 606 457 634 obligantes
468 606 523 634 quod
534 605 616 634 fingulis
631 606 689 627 annis
699 606 749 627 dum
763 606 859 634 praefatus
874 613 931 635 pater

178 637 250 658 vixerit
258 637 303 665 post
312 636 386 658 festum
393 637 470 665 paschae
479 637 511 658 die
519 643 560 665 quo
571 637 659 665 magistri
668 637 761 658 leffiones
772 637 816 658 suas
825 637 931 659 aflualiter

178 668 278 689 resument
288 667 324 689 fiat
334 674 376 689 una
385 668 440 689 miss'a
449 674 497 689 mm
505 668 591 689 diacono
602 672 622 689 et
636 667 757 689 subdiacono
771 675 817 696 quae
832 675 869 696 pro
877 669 931 689 salu—

179 699 210 720 bri
219 698 360 720 incolumitate
369 698 432 720 status
441 705 464 719 ac
475 698 563 727 personae
576 698 713 727 episcoporum
729 698 868 720 universorum
882 699 931 720 solet

178 729 273 751 celebrari
279 734 300 750 et
309 729 416 758 postquam
425 729 533 757 pradictus
541 733 598 757 pater
605 729 630 750 ab
638 730 675 750 hac
685 729 730 750 luce
737 729 852 757 migraiierit
859 730 932 751 habeat

178 760 272 788 exequias
281 765 302 781 et
310 760 391 781 missamv
397 760 419 781 in
428 760 515 781 crastino
525 760 627 781 solennem
637 767 683 788 quae
692 767 730 788 pro
739 760 834 788 episcopis
844 760 931 782 mortuis

179 791 273 812 celebrari
282 791 331 813 solet
345 790 377 812 die
386 798 448 819 quem
457 790 497 819 ipse
506 796 562 819 pater
572 791 603 812 vel
613 790 664 812 alius
673 791 757 812 nomine
765 791 808 818 ejus
818 791 930 819 affignabit.

180 823 276 843 Volentes
286 822 347 843 etiarn
360 822 416 850 quod
426 827 484 843 tenor
499 822 599 850 praesentis
609 822 681 843 nostrae
695 821 823 843 conceffionis
832 826 852 843 et
862 822 932 844 statuti

178 853 200 874 in
209 853 292 881 registro
301 853 371 874 nostro
380 859 427 874 cum
437 852 481 874 aliis
490 852 569 874 statutis
579 852 677 874 inseratur
685 858 706 874 et
715 857 739 874 ut
747 853 843 881 praemissa
853 852 932 881 singula

177 884 268 905 conceffa
276 888 297 905 et
310 884 389 905 decreta
398 884 461 904 robur
474 883 581 905 obtineant
595 888 696 912 perpetum
710 883 812 905 firmitatis
826 884 931 912 praesentes

179 914 246 936 literas
260 915 337 936 nostras
351 914 441 943 patentes
452 914 510 942 super
523 914 555 935 his
568 914 611 935 fieri
626 914 710 935 fecimus
725 913 784 942 figuli
798 914 932 935 univerfimis

177 945 252 966 nostre
265 945 380 967 communis
394 952 417 966 ac
431 945 492 966 etiam
507 944 565 973 sigilli
579 945 691 966 cancellarii
709 945 795 972 ejusdem
808 944 931 973 'appensione

177 976 301 997 communiri
311 983 366 997 anno
380 976 466 997 Domini
480 975 585 997 millesimo
599 977 660 998 cccc·
670 976 812 1017 septuagesimo
821 976 899 1015 quinto
906 975 931 997 :e't

180 1008 231 1028 xm
240 1007 271 1028 die
281 1006 352 1028 menfis
362 1006 417 1028 maii.
431 1019 434 1023 ι

177 1081 190 1101 2-
213 1072 259 1100 187
270 1069 310 1093 'De
317 1071 422 1093 urdinandis
431 1071 590 1130 ανιὶτίἆίαωῗίὲἇέ
600 1072 642 1092 aliis
648 1071 734 1099 promtis
744 1071 764 1092 in
769 1075 823 1099 proc
815 1068 902 1098 fflombus
920 1075 924 1094 ζ

508 1107 526 1124 tt
543 1110 552 1123 c
579 1110 924 1123 ts.1

237 1159 294 1180 UIA
303 1159 328 1179 de
337 1157 481 1182 archidiaconis
491 1161 511 1178 et
521 1157 580 1179 aliis*
575 1164 597 1178 ιη
608 1157 746 1187 spiritualibus
753 1157 870 1184 excellenter
880 1163 928 1185 pro,—

982 136 1008 158 ⁹³

243 1189 304 1211 motis
319 1190 377 1211 variae
387 1189 510 1210 diversorum
525 1188 606 1209 extitere
621 1188 722 1209 sententiae
736 1195 846 1216 quemnam
861 1189 929 1209 locum
941 1196 946 1198 ·

177 1224 197 1241 et
206 1220 298 1241 ordinem
307 1220 361 1241 inter
375 1220 425 1241 alios
439 1219 554 1240 obtinerent
563 1219 585 1240 in
600 1219 755 1247 proceffionibus
769 1218 894 1247 generalibus
909 1223 930 1239 et

178 1251 221 1272 aliis
232 1250 364 1272 conventibus
379 1250 465 1279 publicis
475 1250 564 1271 volentes
574 1250 667 1278 deinceps
681 1256 764 1270 omnem
778 1254 820 1270 tam
835 1249 929 1277 ancipitis

177 1281 309 1303 dubitationis
319 1281 424 1303 materiam
434 1281 503 1301 tollere
514 1280 620 1301 statuimus
634 1285 654 1301 et
668 1280 785 1301 ordinamus
799 1284 823 1300 ut
836 1280 929 1308 deinceps

177 1312 313 1333 archidiaconi
321 1317 341 1333 et
352 1312 386 1333 alii
395 1311 527 1333 excellenter*
522 1318 544 1332 in
555 1310 690 1339 spiritualibus
702 1310 792 1339 promoti
801 1311 850 1331 dum
861 1316 929 1332 tamen

176 1350 219 1365 non
228 1342 251 1365 in
260 1343 328 1372 aliqua
337 1348 426 1390 quatuor
439 1342 563 1371 dignitatum
577 1341 721 1371 principalium
735 1341 838 1363 constituti
852 1341 930 1362 fuerint

884 1371 913 1392 si*
908 1378 930 1393 in
