1192 1583
198 136 239 157 1²4

417 125 638 147 ετΑτυτΛ
666 107 892 152 ANTIQUA.

506 208 590 230 Pecunia
595 207 681 235 solvenda
690 207 714 228 ab
722 207 801 236 mcensts.

336 264 506 285 XTRANEUS
516 263 588 284 doaor
601 263 638 291 qui
647 249 762 284 nostrorum
772 262 895 284 dofftomm'
889 270 911 284 m
921 270 1030 286 numerum

343 294 489 315 adsciscendum
498 294 516 315 se
526 301 568 315 non
577 294 655 315 curavit
665 299 712 316 ante
721 301 800 315 annum
810 301 872 322 quam
882 295 907 315 ad
917 301 954 315 nos
965 295 1029 316 acces-

278 302 324 346 serit
342 325 356 346 fi
370 325 428 346 stmel
442 325 555 346 admi-isus·
549 332 572 346 in
585 325 693 353 collegium
710 325 792 354 aliquod
809 326 878 346 aulam
895 325 1031 353 hospitiumve

279 356 341 377 fuerit
350 356 410 377 solvet
419 368 447 373 ·—-
455 355 549 377 v1⁸v1n⁵.

307 387 404 414 Magister
413 387 551 415 cujuscunque
560 386 661 409 facultatis
676 391 782 408 extraneus
796 392 816 408 et
830 386 986 408 baccalaureus
979 386 1030 414 juris

278 428 308 435 ¹—
318 419 343 439 V.
614 431 617 437 ι

307 448 434 470 Baccalaurei
443 449 518 470 artium
528 453 548 470 et
558 456 629 471 omnes
638 449 675 478 qui
684 442 706 470 in
716 449 782 478 primo
796 453 816 470 et
826 449 925 470 sociorum
934 448 1030 470 conviflu

279 487 302 501 ac
312 480 379 501 mensa
389 480 493 501 censentur
501 491 531 497 —
540 481 570 501 η’.

308 511 364 538 Qi
369 511 392 532 in
408 511 569 532 scholasticorum
586 515 607 532 et
621 511 756 540 hospitiorum
774 511 870 532 convictu
887 511 991 532 censentur
1009 514 1030 532 et

279 542 416 569 quadrantal-ii
426 542 462 570 qui
470 543 584 570 expendant
593 542 755 563 hebdomadatim
766 540 807 563 ¹11⁴
816 542 847 562 vel
854 542 940 570 amplius
946 552 973 559 -·
981 540 1030 563 xn‘.

308 573 352 600 Qi
360 573 498 600 quadrantarii
508 573 553 594 sunt
562 578 582 594 et
592 573 661 594 minus
674 580 737 601 quarn
746 573 852 593 duodecim
866 580 962 594 nummos
976 579 1029 600 quo*

279 604 341 624 modo
347 603 507 632 frequentissime
516 604 589 625 vivunt
598 604 762 625 hebdomadatim
772 604 886 631 expendant
893 615 923 620 —-
929 602 967 624 vr*-

283 646 285 648 ν
307 635 361 661 Qae
370 635 453 656 summae
462 635 487 655 fic
496 635 611 656 dividantur
621 642 663 662 quo
672 635 807 662 diligentiores
818 634 857 655 fint
868 635 893 656 ad
902 634 1030 663 perferendos

277 665 355 686 labores
366 665 386 686 hi
397 665 433 693 qui
442 665 490 686 huic
504 666 586 693 negotio
597 665 685 693 praesunt
694 670 718 686 ut
728 665 762 686 ubi
772 665 872 686 academia
887 666 915 686 v1¹
930 664 979 687 vm*
993 670 1030 687 aut

280 697 299 716 v'
308 696 363 724 capit
374 696 442 717 reddat
452 696 518 719 scribae
526 695 556 717 v1⁴
563 696 600 717 ubi
610 697 633 717 ιι·
642 701 679 717 aut
688 695 730 717 ιιι*
739 696 807 717 scribae
817 695 847 717 η’
857 696 893 717 ubi
906 695 935 717 v1‘
947 695 971 717 η’
980 698 1029 724 pro-

278 727 437 755 cancellarioque
447 727 484 755 qui
497 727 639 754 jusjurandum
649 727 713 748 defert
726 728 754 753 de
765 727 848 754 singulis
859 727 976 748 nominibus
986 734 1029 749 non

278 758 367 786 amplius
377 765 439 786 quam
453 757 490 779 11¹:
505 758 534 779 ast
544 758 580 779 ubi
589 758 690 785 academia
698 762 780 779 tantum
795 757 825 778 v1‘
834 757 889 786 capit
898 758 1030 779 vice-cancel—

277 788 340 810 larius
349 789 401 810 nihil
410 788 488 816 accipit.
517 789 628 810 Censentor
635 793 656 810 et
663 789 729 810 caeteri
738 789 775 817 qui
784 796 888 817 quoquam
903 789 963 817 pasto
972 789 1030 810 scho-

278 819 394 841 lasticorum
405 820 508 848 privilegio
522 819 607 847 gavisuri
619 819 665 840 sunt
674 819 796 848 jurantoque
806 825 827 841 et
835 824 937 848 quantum
946 820 1031 848 quisque

277 850 326 871 velit
335 857 373 878 pro
382 850 503 872 facultatum
516 852 577 872 modo
591 850 620 872 ita
634 855 702 872 tamen
710 858 737 872 ne
746 851 815 872 minus
830 855 920 879 quatuor
933 858 1030 872 nummos

277 881 390 910 pendunto.

277 944 315 968 fle
324 947 366 968 oath
374 947 398 975 qf
401 947 606 976 :bescholarsservants
615 948 654 969 and
660 948 710 969 other
716 947 825 976 privileged
827 948 900 976 persons
907 947 1029 975 notfiholars.

344 1003 364 1023 Ο
371 1003 391 1023 U
406 1002 455 1023 mall
465 1002 525 1024 swear
539 1003 583 1025 that
592 1003 614 1024 so
623 1003 672 1031 long
682 1010 703 1024 as
718 1010 762 1031 you
767 1003 818 1024 shall
828 1003 852 1024 be
861 1002 883 1023 in
893 1002 927 1023 the
936 1002 1031 1031 privilege

347 1032 372 1054 of
382 1040 394 1054 a
403 1033 480 1054 scholar
488 1040 528 1061 you
544 1034 584 1055 and
594 1041 645 1062 your
658 1034 745 1056 servants
755 1034 805 1055 shall
819 1034 843 1054 be
851 1033 945 1055 obedient
959 1038 981 1054 to
995 1034 1032 1056 the

278 1063 393 1085 chancellor
402 1065 442 1085 and
452 1065 618 1086 vice-chancellor
626 1065 651 1086 of
655 1065 703 1086 ‘this
714 1064 821 1093 univerfity
835 1064 857 1086 in
867 1065 893 1085 all
905 1064 976 1085 lawful
990 1066 1031 1086 and

260 1109 265 1113 a
279 1094 350 1116 honest
358 1094 427 1122 things
438 1102 459 1116 as
468 1095 517 1116 sszall
526 1102 612 1118 concern
620 1099 672 1124 your
678 1096 752 1124 person
761 1096 801 1117 and
809 1096 879 1123 degree
888 1096 928 1116 and
939 1095 989 1124 keep
1002 1096 1031 1117 au

279 1126 332 1152 good
347 1126 464 1147 ordinances
478 1126 560 1147 statutes
574 1127 614 1148 and
628 1127 721 1148 laudable
734 1127 822 1148 customs
836 1126 861 1147 of
873 1126 909 1146 the
922 1126 1031 1154 university

280 1155 346 1177 which
356 1157 405 1178 doth
415 1164 439 1178 or
448 1157 498 1178 shall
507 1164 593 1178 concern
602 1157 687 1178 likewise
696 1164 748 1185 your
757 1157 834 1185 perfim-
863 1156 912 1179 Alfi,
925 1162 966 1185 you
980 1157 1031 1178 shall

279 1191 317 1208 not
326 1194 353 1215 go
362 1188 425 1208 about
434 1192 455 1209 to
465 1188 525 1208 break
535 1189 575 1209 and
584 1187 674 1216 infringe
683 1192 722 1215 any
730 1188 824 1216 privilege
833 1194 857 1209 or
866 1187 938 1215 liberty
946 1188 1032 1214 granted

280 1217 306 1245 by
316 1218 350 1239 the
359 1218 419 1246 kings
428 1218 521 1246 highness
531 1225 554 1239 or
563 1218 595 1239 his
606 1218 766 1246 progenitorsssor
774 1218 872 1240 hereafter
881 1223 903 1239 to
914 1218 937 1238 be
946 1219 1032 1246 granted
1045 1219 1047 1221 ’

280 1248 306 1276 by
316 1249 350 1269 the
359 1249 419 1276 kings
433 1249 515 1278 majesty
524 1256 547 1270 or
555 1249 587 1271 his
602 1249 704 1271 succefl'ors
715 1254 737 1270 to
749 1249 789 1271 this
796 1249 906 1277 ‚university
920 1256 958 1270 nor
973 1248 1033 1270 suffer

279 1285 334 1300 none
343 1279 367 1300 of
375 1287 426 1308 your
435 1281 521 1302 servants
531 1280 551 1302 so
560 1285 583 1302 to
591 1281 619 1302 do
628 1287 667 1302 nor
680 1280 728 1308 help
736 1280 817 1301 counsel
831 1287 869 1301 nor
882 1279 982 1301 maintain
992 1287 1032 1307 any

281 1317 329 1331 man
338 1310 401 1338 going
413 1311 475 1332 about
488 1311 508 1332 so
521 1316 544 1332 to
556 1312 582 1333 do
596 1316 618 1333 at
629 1318 669 1339 any
680 1311 729 1332 time
740 1310 840 1332 hereafter
854 1310 914 1332 while
925 1317 966 1339 you
980 1310 1032 1332 {hau

282 1341 326 1363 live.
355 1343 381 1364 So
391 1342 438 1370 help
447 1349 488 1371 you
497 1343 544 1364 God
553 1343 594 1364 and
604 1342 638 1368 the
648 1342 697 1371 holy
705 1341 829 1370 evangelista.

561 1386 563 1388 ,
591 1385 593 1387 .
698 1389 700 1391 ,
837 1385 842 1390 .
965 1372 1033 1395 Eodem
