1192 1583
228 124 269 152 396
467 121 946 145 SENATuscoNJSIULTA

233 233 269 249 οᾶ.
277 237 302 253 ιο.
360 230 455 251 LACET
462 229 519 251 vobis
528 234 552 251 ut
562 231 595 251 D‘.
606 229 718 251 Rainbowe
728 230 896 258 procancellarius
907 231 940 252 D'.
950 231 1064 256 Fletewood

248 252 292 273 ¹⁶⁶³*
368 262 401 283 D'.
412 260 495 285 Pearson
506 262 538 283 D'.
553 261 679 289 Dillingbam
694 267 714 282 et
729 262 761 282 D'.
771 262 827 289 King
841 262 880 283 sint
888 262 963 289 syndici
974 263 1031 284 vestri
1040 264 1064 284 ad

313 292 442 313 trafihndum
452 299 501 313 cum
512 291 628 313 oeconomis
642 292 795 320 inquifitoribus
810 297 830 313 et
839 293 966 320 parochianis
981 292 1064 315 ecclesiae'

313 324 377 344 beatae
387 323 458 344 Mariae
472 330 509 351 pro
523 323 598 351 capella
614 323 647 343 seu
662 323 724 344 domo
740 323 830 344 vestiaria
845 323 868 344 in
884 324 942 344 usum
959 325 1064 346 academie

312 354 414 382 perpetuis
425 353 500 374 futuris
510 353 636 381 temporibus
646 354 778 374 convertenda
788 359 808 375 et
818 358 842 375 ut
852 354 949 382 quicquid
959 355 997 376 hac
1007 355 1029 376 in
1043 362 1063 376 re

313 392 326 406 a
335 384 420 413 syndiciz
431 384 498 406 vestris
509 384 577 406 ae‘tum
587 389 609 405 et
618 384 736 406 conclusum
745 384 806 405 fuerit
817 391 830 406 a
839 385 896 405 vobis
906 389 973 406 ratum
983 390 1003 406 et
1017 392 1063 413 gra-

313 420 360 437 tum
374 415 472 437 habeatur
484 419 505 436 et
519 420 543 436 ut
558 415 615 443 super
628 415 666 436 hac
681 415 804 436 concessione
818 415 882 437 vestra
895 415 962 458 literas
977 416 1063 438 habeant

310 446 427 475 syndicatus
436 446 500 475 sigillo
509 446 574 467 vestro
583 446 689 468 communi
697 446 798 474 sigillatas.
817 454 819 456 ·
942 462 944 464 .

776 499 778 501 .
804 487 839 503 nb
844 490 909 508 gumn-
903 493 929 508 .p.
936 492 971 508 2⁰⁵·

236 607 275 623 nec„
284 602 416 624 1⁶.UM
431 600 472 622 dies
488 601 514 622 ad
529 599 687 629 philosophicam
701 577 875 628 disputationem
870 607 892 621 ιιι
900 599 977 628 regiis
985 599 1062 622 statutis

232 628 307 648 ὤμω·
379 632 470 660 affignati
484 638 527 653 non
542 631 640 653 sufficiant
654 631 773 659 incepturis
779 631 819 652 hoc
833 628 888 653 anno
904 631 927 652 in
943 631 1021 653 artibus
1039 632 1062 653 ad

314 661 372 684 astus
382 663 427 684 suos
437 662 561 684 scholasticos
570 662 692 690 peragendos

310 704 314 707 >
342 694 410 715 Placet
424 693 481 715 vobis
494 698 519 714 ut
534 693 662 717 authoritate
672 693 734 714 vestra
748 692 807 714 liceat
820 693 888 715 iisdem
902 671 984 721 singulis
994 690 1062 715 diebus

273 741 275 743 .
312 724 405 753 profestis
420 724 526 752 cujussibet
540 724 675 752 septimane*
669 731 692 745 ιιι
706 723 795 745 termino
807 731 860 750 curn
871 724 970 752 magistris
988 724 1062 745 artium

311 755 413 784 disputare
422 760 464 777 tam
474 755 496 776 in
504 755 575 777 scholia
583 754 693 776 dialecticis
701 759 722 776 et
734 754 877 783 philosophicis
887 762 950 783 quam
960 755 983 776 in
992 754 1062 782 juridi-

312 786 341 807 cis
351 787 377 808 ab
386 786 436 807 hora
446 786 529 821 septima
538 786 563 807 ad
572 793 648 807 nonam
658 790 677 807 et
685 793 698 807 ιι
707 793 762 807 nona
769 786 795 807 ad
803 785 931 807 undecimam
940 786 1062 808 matutinam

313 821 335 838 et
344 818 370 838 ab
380 817 430 838 hora
440 817 505 845 prima
515 817 540 838 ad
549 817 630 838 tertiam
644 821 664 837 et
673 823 685 838 e
694 816 754 838 tertia
762 817 788 837 ad
802 817 896 845 quintam
905 817 1063 850 pomeridianam

307 848 344 869 -ita
352 853 421 869 tamen
432 852 456 869 ut
469 852 625 876 procuratorum
635 848 689 868 alter·
694 854 730 875 per
743 847 762 868 se
776 848 807 869 vel
821 847 894 875 aliquis
908 855 977 876 regens
987 855 1024 876 per
1033 848 1063 876 ip-

312 878 359 900 sum
377 879 486 907 deputatus
503 878 581 900 interfit
594 878 677 906 ejusque
690 877 831 906 disputationis
845 878 874 899 ita
891 879 965 900 habitae
981 878 1062 900 idoneae

313 909 372 931 testes
384 909 472 930 habeant
486 909 559 936 singuli
573 916 662 937 quorum
678 909 710 930 sex
724 909 749 930 ad
763 909 871 930 minimum
889 909 928 930 sint
941 909 1062 930 baccalauru'

312 940 350 968 qui
361 940 382 961 in
393 940 495 961 habitibus
505 940 544 961 suis
552 944 597 961 toto
607 944 696 968 tempore
703 939 840 962 interfuerunt
849 940 940 983 alioquin
948 935 1062 968 hujusmodi

312 970 422 999 disputatio
430 977 469 999 pro
477 971 535 992 nulla
544 970 649 993 habeatur.
749 976 751 978 ·
778 987 780 989 ,

340 1034 406 1055 CUM
415 1037 497 1062 tempus
504 1033 553 1054 adeo
561 1033 620 1055 breve
628 1032 667 1054 fit*
662 1037 715 1054 mter
723 1032 845 1062 principium
856 1032 943 1061 proximi
953 1033 1033 1055 termini
1042 1037 1061 1054 et

312 1064 483 1092 quadragesimam
499 1068 525 1085 ut
538 1063 679 1092 quaestionistae
687 1068 707 1085 et
718 1064 818 1092 incepturi
827 1064 888 1091 hujus
902 1064 951 1085 anni
961 1064 995 1085 vix
1007 1071 1061 1086 com-

311 1095 371 1120 mode
381 1095 532 1116 exercitationes
542 1095 586 1116 suas
596 1094 691 1123 perficere
702 1099 778 1123 queant

340 1127 408 1147 Placet
417 1126 473 1146 vobis
484 1130 508 1147 ut
517 1125 575 1147 liceat
584 1125 652 1147 iisdem
665 1125 687 1147 in
701 1126 737 1146 suo
747 1132 806 1153 grege
815 1125 916 1154 disputare
924 1130 945 1147 et
953 1126 1061 1147 declamare

312 1156 403 1184 quolibet
412 1156 500 1185 profesto
509 1156 541 1177 die
555 1161 598 1178 tam
608 1156 630 1178 in
645 1156 733 1178 termino
747 1163 810 1184 quam
820 1161 876 1177 extra
891 1156 1001 1177 terminum
1011 1161 1061 1178 tem-

311 1187 395 1216 poribus
404 1187 481 1208 idoneis
496 1194 531 1215 per
540 1187 635 1208 dominos
649 1191 789 1218 procuratores
803 1187 922 1214 affignandis
937 1187 963 1208 sic
976 1192 1000 1208 ut
1009 1194 1059 1208 unus

311 1219 464 1239 moderatorum
486 1218 562 1246 semper
579 1217 657 1239 interfit
679 1223 699 1239 et
720 1218 841 1246 quaestiones
859 1218 983 1246 disputandae
1001 1218 1059 1239 valvis

310 1249 423 1270 scholarum
433 1248 492 1270 solito
502 1255 558 1270 more
571 1248 680 1276 affigantur
691 1253 711 1269 et
725 1253 749 1269 ut
758 1248 865 1270 duodecim
879 1248 970 1276 sophistae
980 1248 1058 1276 singulis

310 1279 479 1308 disputationibus
494 1279 627 1308 sophistarum
642 1279 747 1308 praesentes
762 1279 801 1301 fin:
814 1284 835 1301 et
849 1279 881 1301 sex
896 1280 1018 1301 baccalaurei
1026 1279 1058 1300 de-

310 1310 465 1332 clamationibus
475 1310 657 1332 baccalaureorum.

1007 1369 1058 1392 Lea.
