1192 1583
405 108 626 131 ,vra-rura
653 108 894 136 ANTIQUA„

265 163 300 180 tur
309 161 334 180 ut
344 158 404 179 talem
415 161 513 185 tanquam
522 157 547 178 de
556 156 610 185 pacis
625 156 776 185 pn-turbatione
789 156 902 185 suspestum
912 163 1019 180 amoveant
1058 154 1061 156 ’

266 197 278 211 a
288 188 400 217 municipio
409 196 414 209 :
429 192 449 209 et
458 188 473 209 si
488 187 617 209 beneficiatus
631 187 719 208 extiterit
728 188 812 216 prelato
823 188 860 209 suo
874 188 889 209 fi
902 188 946 210 fieri
955 190 1020 218 potest

262 220 397 242 *denuntietur
407 223 432 241 ut
439 226 487 240 eum
496 219 522 240 ad
531 225 602 240 curam
610 218 699 240 debitam
707 225 800 240 revocare
809 226 853 240 non
861 219 948 241 differat.

279 292 316 313 44.
336 286 430 307 statutum
439 292 504 306 novum
513 288 578 306 contra
587 284 689 305 turbatores
698 284 719 305 r'n
728 283 770 305 vico
772 284 876 312 fibularum
884 284 914 306 die
922 285 1011 306 cinerum.

296 341 367 362 TEM
377 341 485 362 monemus
495 339 562 368 primo
571 339 658 361 secundo
667 343 687 360 et
697 339 757 360 tertio
767 339 803 361 sub
810 346 871 368 poena
880 340 1020 362 excommuni-

301 371 386 393 cationis
396 371 478 398 majoris
487 378 513 392 ne
521 370 567 398 quis
576 370 601 391 de
610 374 682 391 eaetero
695 370 719 391 in
728 370 777 391 vicis
791 370 905 393 scholarum
920 372 1020 393 turbatio-

264 408 314 424 nem
323 401 412 430 aliquam
422 401 481 430 pulsu
490 402 557 422 trafiku
567 401 600 422 seu
614 400 686 429 quovis
700 401 741 422 alio
753 401 816 422 modo
829 401 890 424 faciat
904 402 970 423 foveat
984 408 1021 424 aut

265 437 360 461 procuret
369 437 405 454 aut
415 432 485 454 eodem
494 432 525 453 die
535 432 568 453 seu
582 432 651 460 aliquo
666 431 706 453 alio
715 436 806 460 tempore
815 432 866 454 fiant
875 433 1020 456 conventiculae

265 464 300 485 seu
309 463 417 485 concursus
431 463 551 484 scholarium
565 462 650 490 alicujus
661 462 763 484 facultatis
774 470 809 491 per
818 463 837 484 se
852 464 884 484 vel
897 463 1020 486 facultatum

264 494 324 516 fimul
334 495 358 515 ad
368 494 516 522 disponendum
529 493 645 521 eligendum
654 494 685 515 vel
695 493 844 516 nominandum
854 494 882 515 eis
891 494 1021 523 capitaneum

264 526 339 547 ducem
349 525 491 547 cancellarium
502 529 641 553 procuratores
650 525 682 546 vel
692 524 778 546 bedellos
788 525 822 546 seu
831 531 973 554 quemcunque
982 527 1020 548 ali—

267 563 303 577 um
313 556 344 577 vel
354 556 404 577 alios
413 556 506 577 ductores
516 556 548 576 vel
557 554 663 577 officiarios
674 562 798 584 quocunque
811 556 895 577 nomine
903 556 1021 578 censeantur

266 594 303 608 nec
312 587 338 608 ad
348 587 464 614 hujusmodi
473 586 623 607 conventiculas
633 587 665 607 vel
674 587 783 608 concursus
797 586 898 608 faciendos
912 594 1020 616 campanas

265 618 346 646 pulsent
354 625 432 639 cornua
441 618 472 638 vel
487 617 541 639 tubis
555 618 650 653 clangent
664 624 701 639 nec
715 617 787 645 quovis
801 618 841 639 alio
855 618 939 646 quaesito
952 619 1020 640 colore

263 653 377 670 convocent
386 648 419 670 seu
429 648 505 669 faciant
519 648 643 682 congregari.
672 650 703 669 Ae
717 648 812 677 insuper
806 656 828 670 m
843 648 959 676 hujusmodi
969 656 1019 670 con-

265 679 399 700 travenientes
414 679 532 700 sententiam
547 676 650 700 ferimu's'
645 686 667 700 m
681 679 712 700 his
726 679 803 707 scriptis
820 679 878 707 super
893 687 936 707 quo
950 680 1020 701 statuit

264 710 320 731 dieta
329 710 446 732 universitas
455 711 511 738 quod
522 710 567 731 talis
581 710 733 731 contraveniens
748 710 815 731 statim
829 710 952 732 authoritate
960 710 1020 733 dieue

265 741 400 766 universitatis
410 748 448 769 pro
457 741 633 762 excommunicato
647 748 683 769 per
696 741 784 762 ecclesus
798 741 929 763 denuntietur
943 749 979 763 nec
993 742 1020 763 ab

266 771 382 799 hujusmodi
391 771 600 793 excommunicatione
614 772 728 792 absolvatur
736 772 842 800 quousque
855 771 907 793 cistae
921 772 1019 794 univerfi-

265 803 313 824 tatis
324 802 429 823 communi
439 802 516 823 ratione
525 802 640 830 hujusmodi
649 802 734 823 excessus
744 802 800 823 suam
815 809 947 823 communam
956 803 1019 824 solve-

267 834 293 855 rit
303 833 438 861 duplicatam:
453 833 567 861 adjicientes
577 833 632 861 quod
647 833 772 861 quiscunque
786 833 822 854 fibi
831 833 870 854 tale
883 840 959 854 nomen
973 834 1019 855 offi-

266 864 291 885 cii
302 864 340 885 five
349 864 449 898 capitanei
458 864 514 885 ducis
529 863 641 885 cancellarii
655 863 790 899 procuratoris
802 864 833 885 vel
843 863 913 885 bedelli
923 864 956 885 seu
965 871 1019 892 quo-

265 902 348 923 cunque
361 895 412 916 alio
415 895 498 916 nomine
512 894 632 916 censeatur
627 901 650 915 m
664 894 700 915 tali
714 894 810 915 comitiva
823 895 947 923 usurpaverit
961 895 1019 917 omni

265 927 330 954 gradu
348 926 463 947 scholastico
482 926 505 947 in
521 925 558 947 ista
573 925 699 947 universitate
714 925 806 947 habenda
824 930 922 954 perpetuo
938 925 962 947 fit
984 926 1018 947 in-

265 956 347 984 dignus.

416 1028 451 1050 45.
467 1022 501 1043 De
509 1021 569 1050 q'ebh's
578 1022 656 1044 exonia
664 1026 682 1043 tt
690 1022 734 1043 aliis
742 1021 863 1050 vagabundis.

330 1077 535 1098 DVENTITms
548 1077 667 1099 malefae’tor
676 1077 698 1099 in
712 1077 825 1106 municipio
839 1077 907 1098 nostro
917 1077 1018 1105 nusquam

344 1108 453 1135 recipiatur
462 1115 524 1136 quem
533 1115 568 1136 per
577 1108 645 1130 literas
655 1109 767 1130 cancellarii
777 1107 864 1129 Oxoniae
878 1108 909 1128 vel
919 1108 959 1129 alio
968 1108 1018 1135 legi·-

267 1138 318 1159 timo
327 1139 388 1159 modo
400 1138 549 1160 malefactorem
557 1138 593 1160 effe
603 1139 713 1161 constiterit
726 1144 746 1160 et
756 1139 782 1160 ab
796 1138 922 1160 universitate
932 1139 1018 1160 Oxoniae

267 1174 366 1197 tanquam
376 1170 437 1191 talem
448 1169 504 1191 fuisse
517 1169 611 1197 ejectum.
640 1171 657 1191 F
659 1170 744 1192 raCtores
758 1170 867 1191 domorum
878 1174 898 1191 et
913 1169 1018 1190 insultores

267 1200 375 1221 earundem
390 1205 479 1229 raptores
493 1200 602 1222 mulierum
616 1201 739 1222 insidiatores
753 1200 833 1222 viarum
842 1200 956 1227 vagabundi
971 1207 1018 1221 cum

268 1230 329 1252 armis
339 1231 369 1251 vel
379 1231 427 1252 alias
437 1238 493 1253 arma
505 1231 616 1253 deferentes
630 1232 663 1253 seu
672 1232 745 1253 deferri
753 1231 848 1253 facientes
863 1238 898 1258 per
907 1231 925 1252 se
938 1231 969 1252 vel
983 1238 1020 1259 per

266 1261 316 1282 alios
326 1261 348 1282 in
358 1261 405 1282 villa
415 1262 445 1282 vel
459 1262 517 1289 juxta
527 1263 596 1284 villam
611 1263 689 1284 occulte
703 1263 734 1284 vel
749 1262 852 1283 manifeste
866 1262 891 1282 de
904 1261 935 1283 die
949 1262 981 1282 vel
993 1262 1018 1282 de

265 1291 325 1313 nofte
342 1291 378 1313 nisi
398 1299 423 1314 ex
438 1293 495 1314 causa
509 1293 625 1315 rationabili
643 1301 678 1322 per
693 1292 834 1315 cancellarium
848 1293 978 1322 approbanda
993 1292 1019 1313 ab

893 1323 1020 1344 universitate
