1192 1583
217 126 567 150 ELIZABETHAEAN.
583 126 654 148 xw·
671 119 805 150 EDITA.

134 173 261 202 replicatores
269 178 290 195 et
298 174 430 202 disputatores
440 173 510 195 adsint
534 174 626 202 Magistri
640 174 715 197 artium
725 176 852 204 replicabunt
860 184 886 199 eo

134 205 205 226 ordine
219 211 262 233 quo
277 204 354 226 fuerint
368 205 485 233 inaugurati
500 204 522 226 in
538 205 645 227 academia.
677 206 697 227 Si
712 207 759 234 quis
776 208 886 235 neglexerit

134 235 245 257 mulQetur
253 235 285 257 sex
295 236 360 257 solidis
368 243 439 257 eorum
448 236 527 257 duobus
536 236 701 264 procuratoribus
714 238 793 260 duobus
803 239 884 267 respon-

134 266 190 288 demi
198 271 219 288 et
227 266 312 288 totidem
322 267 448 295 praeconibus
457 267 594 288 numerandis.

327 337 361 358 De
364 334 531 365 jurfiotfidtorum
538 337 693 365 disputationibus.

381 392 399 413 C
428 392 448 412 A
475 392 498 413 P.
541 392 638 413 xxvm.

133 448 244 502 JURIS
254 446 318 468 civilis
327 447 435 476 disputatio
445 446 479 468 fiet
490 446 544 468 sexto
552 446 599 468 die
592 447 643 475 jovis
651 448 672 469 in
680 455 805 477 unoquoque
813 449 884 471 termi-

177 485 205 500 no
215 482 251 499 aut
260 478 300 499 alio
308 477 490 505 adassig‘nationem
496 478 615 500 cancellarii.
633 479 749 507 Disputabit
755 480 820 508 regius
831 487 883 509 prae-

135 509 198 530 leRor
212 513 248 530 aut
264 508 337 530 doc‘tot
351 508 424 537 aliquis
439 508 482 535 ejus
496 508 606 530 facultatis
640 510 776 538 Respondebit
794 511 831 539 qui
847 518 885 539 pro

134 540 201 562 forma
210 540 278 560 locum
293 540 343 568 petit
358 544 393 561 aut
407 539 449 566 ejus
464 539 544 561 defeetu
558 539 630 568 aliquis
644 547 714 562 eorum
729 540 766 569 qui
778 541 818 568 juri
830 541 885 562 civili

134 571 184 593 dant
193 577 275 598 operam
285 570 394 591 secundum
404 570 496 591 ordinem
504 570 624 592 senior-itatis
635 571 681 592 suae.
705 572 768 599 Qod
777 572 791 592 fi
803 573 885 600 neglex-

133 602 171 623 erit
181 601 314 623 muletabitur
323 601 396 629 viginti
405 600 477 621 solidis.
499 601 607 622 Auditores
613 608 659 622 vero
666 602 708 623 duo
715 602 764 630 regii
773 603 886 631 professoris

133 633 155 655 in
165 633 234 654 eadem
243 632 340 653 facultate
348 632 406 659 jum
415 631 549 653 seniotitatem
560 631 615 653 suam
626 637 731 661 opponent
740 633 776 654 ubi
784 633 885 655 videbitur

133 663 246 693 praelefitori
255 667 291 684 aut
299 662 378 684 dostoti
392 662 500 691 disputanti
515 662 552 683 sub
565 670 626 691 pcena
636 664 667 684 sex
681 663 789 686 solidorum
804 665 884 693 quoties

134 695 180 723 quis
188 694 301 723 deliquerit.
319 696 389 721 Atque
398 698 422 714 ut
431 693 504 714 certius
513 693 535 714 in
545 694 646 722 posterum
654 694 678 715 de
688 694 800 716 senioritate
807 696 885 716 constet

134 725 219 754 quilibet
228 726 296 753 legum
311 725 451 745 baccalaureus
465 724 561 745 omnibus
575 724 651 746 artium
665 725 764 753 magistris
778 726 814 754 qui
829 733 885 747 anno

133 756 224 785 sequenti
237 756 260 777 in
274 763 322 778 eum
341 755 432 776 ordinem
446 759 569 783 cooptantur
582 756 650 783 quoad
664 756 778 784 disputandi
792 757 884 778 ordinem

134 788 198 809 senior
212 785 310 815 magistris
324 791 392 808 autem
407 785 481 807 artium
494 786 580 813 ejusdem
590 787 621 808 vel
635 786 740 815 superioris
754 787 804 808 anni
815 788 885 815 junior

134 818 242 840 censeatur.
266 819 345 845 Legum
355 822 424 839 autem
434 817 557 838 baccalaurei
565 824 591 838 ne
606 817 724 839 senioritatis
734 818 787 839 inter
797 818 814 839 se
824 819 883 846 igno-

133 850 212 871 ratione
221 848 335 877 disputandi
346 848 426 870 cursum
439 848 556 876 impediant·
565 848 698 869 fenim-itatem
713 856 750 877 pro
764 849 834 870 ordine
848 850 884 870 ad-

134 880 230 902 missionis
240 880 334 901 habeant.
358 879 490 907 Responsores
504 883 525 900 et
538 878 670 907 disputatores
680 879 785 901 sumentur
798 887 823 901 ex
837 881 884 901 aula

134 910 276 938 Trinitatisbet
290 917 314 931 ex
328 909 372 931 aliis
386 907 474 937 collegii&
488 910 513 930 de
528 916 614 931 numero
628 910 711 931 illorum
724 910 760 938 qui
775 911 883 939 privilegiis
903 932 908 937 ,

132 942 194 964 studii
202 941 252 969 juxis
265 940 328 969 civilis
342 940 374 962 uti
388 941 461 961 volunt
475 941 537 961 modo
550 940 641 962 duetore-1
656 948 698 962 non
713 941 759 962 sunt
773 942 810 962 sub
824 949 884 970 poena

131 973 219 1001 ejusdem
233 979 278 1001 quae
295 971 411 1000 praedicitur
424 971 512 993 mulene.
545 971 575 993 Hi
589 972 639 992 duas
657 972 682 992 ad
695 971 805 993 minimum
823 973 884 994 horas

132 1005 154 1026 in
163 1003 297 1032 disputatione
307 1003 462 1031 permanebunt.
486 1003 525 1023 Hae
538 1002 682 1030 disputationes
695 1007 720 1024 ut
732 1002 770 1023 rite
784 1003 853 1024 ordine
863 1008 884 1025 et

131 1040 240 1064 perpetuo
240 1034 290 1055 fiant
299 1034 346 1054 aula
355 1033 463 1054 Trinitatis
472 1033 584 1061 providebit
594 1037 614 1054 et
623 1033 734 1061 collegiaeo
744 1034 814 1055 ordine
821 1040 883 1062 quem

132 1071 180 1087 ante
195 1061 305 1100 posuimus.
335 1064 362 1085 Et
377 1064 391 1085 fi
406 1064 570 1085 defideiabuntur
585 1064 693 1092 responsor·
701 1069 736 1085 aut
749 1064 882 1100 disputatores

132 1098 202 1118 eadem
211 1095 288 1117 mulCta
298 1095 415 1123 imponetur
424 1094 588 1128 delinquentibus
597 1102 661 1123 quam
669 1100 715 1117 ante
724 1095 882 1117 nominavimus.

353 1167 386 1187 De
394 1165 500 1187 medicorum
507 1164 663 1194 disputationibus.

388 1207 408 1242 'c
437 1222 456 1241 A
484 1222 508 1242 Ρ.
549 1221 627 1242 xxxx.

202 1277 337 1299 EDICINA
346 1275 501 1304 disputationem
511 1275 592 1296 habebit
602 1282 657 1295 nono
665 1274 696 1296 die
704 1262 754 1301 jovis
764 1274 786 1295 in
797 1282 883 1303 quoquo

211 1308 299 1329 termino
306 1312 342 1328 aut
351 1307 391 1328 alio
405 1307 429 1327 ad
443 1307 569 1327 voluntatem
584 1305 740 1334 procancellarii.
764 1305 882 1334 Disputabit

128 1339 236 1368 praelector
246 1339 312 1367 regius
327 1343 362 1360 aut
377 1337 449 1366 aliquis
462 1337 539 1359 doctor.
564 1336 699 1365 Respondebit
713 1336 749 1365 qui
762 1344 801 1368 pro
812 1336 881 1388 lforma

820 1374 880 1389 ocum

926 130 970 158 '2³⁹
