1192 1583
214 148 263 171 '150

484 140 705 171 s'rAru'rsx
733 141 871 164 antus

564 223 650 244 Publice
659 222 790 251 disputationes.

371 279 443 300 RDO
457 276 617 306 disputationum
626 278 658 299 hic
672 278 707 299 est.
736 279 791 299 Inter
799 277 894 306 sophistas
904 277 1022 298 veterrimus
1037 278 1055 299 se

378 309 511 337 responsorem
526 309 627 330 exhibebit
640 314 661 330 et
675 309 744 330 ordine
758 309 866 337 sequentur
880 308 914 329 alii
927 308 1016 335 juniores
1029 310 1055 330 ad

306 338 438 361 finemvinius
456 340 513 361 anni.
541 340 597 361 Anni
616 339 698 361 initium
713 340 769 367 quod
783 340 808 360 ad
822 339 966 368 disputationes
981 339 1055 361 attinet

305 370 383 398 primus
392 371 434 392 dies
442 370 530 392 octobris
539 371 573 392 est.
602 371 652 391 Non
662 369 787 398 respondebit
800 370 837 391 nist
851 369 888 398 qui
897 370 1007 391 secundum
1017 377 1054 392 an-

305 407 357 422 num
372 401 485 429 expleverit.
514 402 565 422 Tres
583 401 682 429 principes
699 400 818 429 quaestiones
832 405 934 429 proponat
951 408 1015 422 unam
1031 401 1053 423 in

306 432 453 453 mathematicis
463 433 546 453 alteram
556 431 577 452 in
592 431 700 452 dialceticis
710 431 789 452 tertiam
804 431 826 452 in
839 431 981 460 philosophicis
991 436 1052 453 natu-

306 462 381 483 ralibus
391 467 427 483 aut
437 463 554 483 moralibus.
582 462 654 483 Caeteri
664 467 734 483 contra
743 462 866 490 disputante.
895 462 937 483 Ubi
950 462 1054 490 responsor

304 492 424 515 haefitaverit
437 494 588 514 moderatorum
602 493 652 514 alter
665 493 679 513 fi
693 493 751 521 poffit
764 493 842 514 nodum
856 492 960 514 diffolvitot
989 495 1052 514 Tem-

304 530 355 551 pora
363 530 432 545 eannn
445 523 605 552 disputationum
615 528 675 545 erunt
684 524 754 544 diebus
762 523 813 551 jovis
827 523 903 544 veneris
917 528 937 544 et
950 523 1027 545 sabbati
1040 531 1052 546 a

304 554 370 582 prima
380 555 424 583 post
437 554 541 575 meridiem
551 555 576 575 ad
589 555 675 576 tertiam.
704 555 780 575 Scholae
794 554 908 575 moderator
921 554 1052 583 persingulas

304 585 448 614 disputationes
456 590 545 613 quatuor
554 585 590 607 suo
599 585 683 606 arbitrio
691 585 794 613 permittet
804 585 906 606 vetustatis
912 585 982 606 ordine
991 592 1052 613 argu-

304 621 374 638 menta
383 616 508 645 respondenti
517 622 629 645 proponere
636 621 708 645 praeter
716 616 848 644 principalem
854 616 1005 645 disputatorem.

523 681 688 702 -Baccalaureorum
697 681 830 709 disputationes.

353 737 635 758 ACCALAUREORUM
642 736 784 764 disputationes
794 735 843 757 fient
852 736 885 757 die
891 736 966 758 veneris
974 743 986 758 a
997 744 1053 759 nona·

362 767 388 788 ad
396 767 524 788 undecimam
534 771 554 788 et
564 767 640 788 sabbati
654 767 679 788 ab
689 767 759 787 oftava
769 768 795 788 ad
803 766 907 788 decimam.
936 767 1051 796 Responde-

304 798 335 819 bit
345 805 387 819 non
396 798 434 820 nisi
443 798 524 819 secundi
533 798 581 819 anni
592 798 738 819 baccalaureus.
767 798 853 826 Incipiet
862 798 977 820 veterrimus
988 803 1008 820 et
1018 806 1051 820 or-

303 828 351 849 dine
364 828 438 857 reliqui
454 829 568 856 sequentur.
596 830 675 850 Contra
691 828 801 857 disputabit
817 836 871 850 unus
885 829 921 850 suo
934 829 1006 850 ordine
1018 829 1051 851 cui

303 859 374 881 scholae
384 860 498 881 moderator
506 859 602 887 adjunget
611 864 700 887 quatuor
709 864 745 880 aut
758 860 826 887 plures
840 867 878 888 pro
891 860 927 881 suo
936 860 1021 882 arbitrio
1029 860 1051 882 in

302 890 385 918 singultis
394 890 563 919 disputationibus
573 891 610 919 qui
619 895 737 918 argumenta
746 890 874 919 respondenti
882 890 984 919 objicient.

519 955 664 977 Declamationes
673 955 837 976 baccalaurearum.

356 1010 635 1032 ACCALAUREORUM
650 1010 803 1032 declamationes
818 1015 878 1032 erunt
891 1010 961 1032 diebus
975 1012 1051 1033 veneris

368 1042 394 1062 ab
402 1042 453 1063 hora
463 1041 600 1069 pomeridiana
614 1041 699 1062 secunda
712 1042 737 1062 ad
748 1041 835 1063 tertiam.
859 1041 927 1063 Prima
938 1049 987 1064 vero
1002 1044 1051 1064 heb-

304 1072 391 1094 domada
399 1073 442 1094 duo
451 1072 522 1093 ordine
530 1072 652 1093 baccalaurei
660 1079 725 1093 unum
735 1072 803 1094 themu
809 1072 926 1094 tractabunt
934 1073 992 1100 cujus
1001 1081 1050 1095 con-

303 1103 385 1125 trariam
395 1103 512 1125 sententiam
523 1103 564 1124 duo
575 1103 608 1124 alii
617 1102 725 1124 defendent
734 1103 859 1125 hebdomada
868 1103 967 1132 sequente.

504 1167 636 1195 Magssrorum
646 1168 715 1188 *artium
724 1167 856 1195 disputationes.

303 1239 305 1241 .
374 1222 591 1243 AGISTRORUM
601 1222 676 1243 artium
685 1222 829 1251 disputationes
838 1223 907 1244 diebus
918 1223 973 1244 lunae
981 1224 1052 1245 martis

386 1252 481 1274 mercurii
490 1252 546 1274 fient.
575 1253 681 1275 Inchoabit
692 1252 807 1282 respondere
822 1254 914 1281 magister
923 1254 1052 1276 recentiffime

303 1288 409 1311 cooptatus
419 1289 438 1305 et
448 1283 581 1311 inauguratus
591 1289 613 1305 et
625 1285 691 1305 caeteri
705 1291 729 1306 eo
743 1284 813 1306 ordine
827 1291 869 1312 quo
879 1284 926 1305 sunt
935 1285 1053 1312 inaugurati

303 1314 456 1343 consequentur.
480 1315 568 1336 Durabit
577 1315 685 1343 disputatio
695 1315 720 1336 ab
730 1316 779 1336 hora
788 1315 853 1343 prima
863 1315 926 1344 usque
935 1316 961 1337 ad
971 1316 1052 1337 tertiam

303 1345 331 1366 ita
341 1350 365 1366 ut
379 1346 428 1367 duas
443 1345 530 1373 integras
544 1346 604 1367 horas
620 1345 727 1374 disputent.
756 1348 783 1367 Et
799 1346 915 1374 respondere
930 1347 966 1368 suo
979 1347 1052 1368 ordine

978 1377 1053 1405 singuli
