1192 1583
221 139 498 161 ELIZABETHAE
516 139 573 161 AN.
588 140 659 162 Xss'·
677 141 815 164 EDITA:

311 227 345 248 De
353 226 480 254 magistrorum
488 226 560 247 artium
567 226 723 255 aeffltasionibus.

401 282 419 302 C
447 282 467 302 A
495 282 519 302 P.
560 281 628 302 XXV.

209 335 403 356 AGISTRORUM
413 334 488 356 artium
502 335 646 363 disputationes
655 340 715 357 emnt
729 336 812 364 singulis
820 336 892 359 diebus

219 366 272 387 lunae
287 365 358 387 martis
367 366 462 387 mercurii
474 365 525 393 jovis
539 366 622 394 lingulis
637 366 751 395 septimanis
765 367 788 388 in
803 368 892 389 termino

140 397 177 419 nifi
195 397 270 425 aliquis
287 396 349 418 festus
364 397 405 418 dies
422 397 557 419 intervenefit.
585 398 695 419 Durabunt
713 403 782 420 autem
799 399 825 419 ab
840 399 891 420 hora

140 435 196 449 nona
209 432 257 449 ante
270 428 375 449 meridiem
388 428 414 449 ad
424 427 559 449 undecimam.
586 429 614 449 Et
628 428 701 456 singuli
715 429 804 457 magistri
814 429 891 451 artium

140 459 165 481 ad
174 466 206 480 eas
216 464 315 487 cogentur
324 459 391 487 quoad
400 463 498 487 quartum
507 459 551 487 post
560 459 737 487 inaugurationem
747 460 802 482 suam
812 463 902 482 annum'

140 490 274 518 expleverint:
289 490 334 518 post
344 490 400 518 quod
415 494 495 517 tempus
509 489 562 510 inter
575 489 680 518 theologos
694 490 840 518 jureconsultoa
854 496 892 513 aut

139 520 227 542 medicos
236 521 375 549 disputabunt.
400 520 518 541 Inhibemus
528 527 554 541 ne
562 520 605 542 duo
613 520 703 548 magistri
716 522 786 543 eodem
800 526 892 550 tempore

125 554 129 556 '
140 551 242 580 disputent
252 556 289 573 aut
300 552 343 573 duo
352 551 475 573 baccalaurei
489 550 622 579 respondeant
635 551 672 573 nisi
681 553 731 574 alter
739 559 811 574 eomm
825 553 891 574 varia-

140 582 197 604 verit.
228 582 321 610 Magistri
339 582 414 604 artium
431 582 492 610 primi
508 582 559 604 anni
576 583 749 611 quemadmodum
763 584 785 605 iu
800 583 893 612 antiquis

139 613 219 635 statutis
232 613 349 642 praecipitur
359 613 384 634 fic
398 613 460 635 etiam
474 620 530 635 nune
543 612 574 635 bis
588 613 720 642 disputabunt
733 614 851 643 priusquam
865 615 893 635 ad

139 644 226 666 aliorum
234 644 317 666 cursum
325 649 409 666 ventum
417 643 449 665 fit.

354 716 387 738 De
395 715 511 744 theologorum
520 715 676 751 dqspmmbmdm.

396 770 414 792 C
442 771 463 791 A
490 771 515 791 P.
555 770 633 791 XXVI.

196 825 343 846 U'OLIBET
353 824 439 846 secundo
449 824 481 846 die
489 824 540 852 jovis
547 821 660 852 'cujussibet
667 824 749 846 termini
756 824 792 846 fiat
801 824 890 852 disputa-

206 856 235 877 tio
245 856 267 877 in
277 856 387 883 theologia:
402 855 424 877 in
439 862 482 884 qua
490 855 625 884 disputatione
637 856 683 877 dua
697 855 759 877 thesea
773 856 891 883 theologicae

138 894 174 916 per
184 887 292 908 dominum
300 886 479 915 procancellarium
494 887 572 915 regium
582 886 604 908 in
614 886 716 914 theologia
725 886 853 915 profefforem
867 893 890 908 ae

138 925 205 939 unum
214 918 318 939 doEtorem
329 917 361 938 vel
375 918 526 939 baccalaureum
541 917 648 945 theologia
662 917 758 939 seniorem
772 917 794 939 in
808 917 891 938 univer-

138 948 195 970 fitate
209 949 327 977 praesmtem
344 949 479 977 approbandae
497 948 641 970 tractabuntur
655 948 681 969 ab
695 948 746 969 hora
761 948 827 976 prima
845 948 890 977 post

138 980 242 1001 meridiem
251 980 276 1001 ad
287 980 358 1001 horam
368 984 462 1007 quartam
470 979 556 1007 ejusdem
566 979 612 1000 diei.
636 979 771 1007 Respondebit
784 979 890 1000 baccalau-

139 1017 183 1032 reus
194 1011 215 1032 in
225 1010 326 1038 theologia
337 1010 423 1031 maxime
437 1009 502 1031 senior
510 1015 530 1031 et
544 1010 570 1031 {ic
580 1009 672 1038 deinceps
683 1009 748 1030 caeteri
758 1009 844 1037 ejusdem
855 1017 890 1031 or-

138 1041 191 1068 dinie
208 1041 318 1063 secundum
337 1040 472 1062 senioritatem
492 1041 548 1062 suam
563 1045 583 1062 et
603 1040 648 1069 post
660 1047 694 1061 eos
712 1047 783 1062 omnes
800 1040 890 1069 mag-istri

138 1072 214 1094 artium
224 1073 330 1101 postquam
338 1077 434 1100 quartum
441 1079 518 1093 annum
527 1079 539 1093 a
545 1072 610 1100 gradu
620 1071 727 1099 magisterii
736 1070 824 1100 suscepto
832 1078 890 1093 com-

138 1104 236 1132 pleverint
246 1103 293 1132 (qui
303 1102 406 1124 medicina
415 1108 451 1123 aut
460 1102 500 1129 juri
509 1102 564 1123 civili
578 1109 614 1131 per
622 1102 698 1124 statuta
704 1102 835 1130 collegiorum
846 1109 890 1124 non

138 1135 263 1156 destinantur
272 1139 308 1155 aut
317 1138 413 1155 tenentur
422 1134 447 1154 ad
456 1133 611 1161 disputationem
621 1133 670 1160 juris
684 1132 748 1154 civilis
758 1138 794 1154 aut
808 1133 890 1154 medici-

138 1166 180 1193 nae)
191 1165 229 1186 five
234 1165 273 1186 {int
281 1164 328 1186 socii
333 1164 465 1192 collegiorum
471 1164 509 1185 sive
515 1163 635 1193 perfflonarii
641 1164 749 1185 secundum
755 1163 890 1185 fenim-itatem

138 1196 194 1217 suam
204 1196 226 1217 in
235 1196 342 1217 academia.
367 1196 387 1217 Si
402 1196 447 1224 quis
457 1195 537 1217 cursum
547 1195 605 1216 suum
620 1195 747 1216 intermiserit
757 1195 891 1216 muletabitur

138 1227 212 1255 viginti
226 1227 291 1248 solidis
309 1226 383 1247 totiens
397 1226 504 1255 quotiens:
521 1226 550 1247 ita
564 1231 633 1247 tamen
648 1230 672 1247 ut
687 1226 821 1247 nihilominus
836 1225 890 1247 idem

138 1258 219 1279 cursum
236 1258 294 1278 suum
310 1257 444 1279 intermittens
458 1258 483 1278 ad
498 1257 612 1285 proximam
627 1261 719 1278 teneatur
732 1256 889 1284 disputationem

138 1288 272 1316 theologicam
281 1288 346 1309 donec
354 1288 376 1309 in
386 1287 467 1316 propria
477 1288 559 1316 persona
569 1285 652 1309 eandem
661 1287 773 1316 praestiterit
782 1287 819 1308 sub
828 1294 890 1315 poena

138 1319 245 1341 confimili.
269 1320 402 1347 Opponentes
415 1323 475 1340 erunt
481 1324 529 1348 vtres
543 1319 653 1340 secundum
668 1318 748 1339 cursum
764 1323 784 1340 et
797 1318 891 1339 ordinem

138 1350 268 1379 collegiorum
277 1349 415 1379 ptaescriptum
424 1350 449 1371 in.
457 1349 489 1372 his
499 1349 584 1372 statutir.
609 1350 651 1371 Stet
665 1349 743 1371 mama
752 1349 826 1371 ibidem
837 1356 890 1377 prae-

818 1379 890 1408 scripta

935 149 977 172 237
