1192 1583
346 89 766 112 APPENDIX.

170 136 258 160 ditionis
265 137 336 159 existat
345 142 366 159 et
379 135 505 166 potissimum
519 137 644 166 viee-praeses
652 137 723 159 decani
730 141 751 158 et
760 137 842 160 bursarii
853 137 875 160 in
884 138 933 161 'aula

170 169 280 190 communi
293 168 370 197 semper
383 168 496 197 prandeant
510 173 531 189 et
544 173 625 189 coenent
639 173 722 197 excepta
735 168 859 191 infirmitatis
872 171 931 192 causa

170 200 205 221 vel
219 200 258 221 alia
274 199 356 227 urgenti
372 204 394 221 et
412 199 517 221 necem-iria
533 199 592 220 causa
610 206 646 227 per
663 199 793 228 praepofitum
811 201 930 228 approbata.

172 232 253 252 Omnes
267 235 336 252 autem
351 230 374 251 in
388 230 457 251 aulam
470 229 592 251 conveniant
601 235 711 258 antequam
720 230 788 251 mensa
801 231 930 254 benedicatur

171 266 195 282 et
208 268 270 283 nemo
284 261 322 282 nifi
335 261 380 290 post
390 261 502 289 gratiarum
510 261 612 282 affionem
622 268 634 282 a
643 261 710 283 mensa
719 261 793 289 surgat.
822 262 930 285 Modicum

171 296 243 313 autem
251 296 332 321 tempus
341 292 395 313 inter
399 291 533 320 pulsationem
541 298 645 320 campanae
654 296 674 312 et
685 291 846 313 benedictionem
856 294 929 315 mensae

170 322 283 345 intercedat
297 330 340 351 quo
355 329 426 344 omnes
441 323 546 344 commode
560 329 573 344 a
586 322 684 344 cubiculis
699 323 724 343 ad
738 323 806 344 aulam
821 324 929 346 convenire

169 354 254 382 poffint.
282 354 304 375 Si
318 354 365 382 quis
379 358 448 375 autem
462 358 553 382 tempore
566 354 635 374 debito
648 358 673 375 ut
689 353 795 381 praefertur
805 354 830 374 ad
838 355 928 377 mensam

170 391 217 406 non
230 384 348 406 convenerit
361 390 427 406 carent
441 384 527 413 prandio
540 385 571 405 vel
583 391 642 406 coena
654 385 679 405 ad
687 391 749 412 quam
760 385 874 413 tempestive
884 393 928 408 non

168 416 255 437 venerit.
285 416 348 442 Qod
362 415 377 437 fi
390 416 437 444 quis
450 415 554 437 temerarie
568 415 655 437 voluerit
668 415 687 436 se
700 415 789 442 ingerere
803 416 828 437 ad
838 417 927 439 mensam

167 453 208 475 per
223 446 345 475 superiorem
362 446 476 475 castigetur.
505 446 549 474 Qj
563 453 610 467 vero
624 446 712 467 noluerit
726 446 748 467 in
763 446 809 467 aula
823 448 927 469 comedere

168 477 225 499 nihil
239 484 263 499 ex
277 477 418 506 prompt-uario
432 478 464 499 vel
477 477 566 505 coquina
582 477 661 498 habeat.
690 477 753 505 Qod
767 476 782 497 fi
796 484 879 505 promus
894 479 926 500 vel

166 515 250 536 coquus
265 507 342 536 aliquid
356 508 431 530 dederit
445 507 466 529 id
480 507 521 536 ipse
534 507 619 535 collegio
632 508 657 528 de
671 507 707 528 suo
721 507 811 529 resarcite
825 513 924 530 teneatur.

167 539 216 566 Q
229 546 276 560 vero
292 539 342 560 adeo
358 543 470 560 contumax
482 538 545 559 fuerit
555 542 584 559 ut
599 538 667 559 velit
663 545 685 559 m
699 538 793 559 cubiculo
807 539 837 560 vel
849 547 890 568 opp
877 540 925 567 pido

168 570 275 591 comedere
281 569 357 590 etiamst
363 570 387 590 de
397 568 480 598 proprio
489 568 509 589 id
519 568 579 589 faciat
588 573 657 589 tamen
666 569 681 589 fi
690 568 752 597 usque
761 569 786 589 ad
796 569 865 591 decem
873 571 925 592 vices

169 600 195 624 in
204 607 259 621 anno
269 596 382 629 process‘e‘rit
390 607 403 621 a
413 599 497 627 collegio
506 594 624 628 expellatur.

268 670 302 691 De
315 677 349 691 non
362 669 479 691 admittendis
492 669 583 704 extraneis
596 670 629 698 qm*
640 670 740 698 oneristmt
749 670 826 698 collegio.

424 725 443 746 c
457 725 476 745 A
490 725 513 745 P.
541 716 589 745 va

218 780 380 803 RAEPOSITUS
394 778 514 807 et'quilibet
523 778 576 800 alius
583 779 608 800 de
617 778 705 807 collegio
710 778 847 807 cujuscunque
856 780 923 808 quali-

227 811 274 833 tatis
284 811 354 832 existat
361 808 403 831 non
412 809 484 831 invitet
494 810 527 831 seu
534 809 628 831 admittat
637 810 725 838 aliquem
733 815 851 832 extraneum
860 810 922 832 etiam

170 848 263 871 tempore
279 840 423 863 solennitatum
439 841 464 862 ad
482 841 590 869 prandium
607 841 638 861 vel
655 847 735 862 coenam
750 841 784 862 seu
798 848 922 869 quocunque

169 874 212 895 alio
223 873 284 895 modo
291 879 340 893 cum
349 878 409 893 onere
416 876 436 893 et
444 871 574 893 incommodo
581 871 661 899 collegii
669 871 707 893 nisi
713 876 813 899 quatenus
821 872 841 893 id
847 872 922 894 statuta

169 903 301 938 permiserint
304 907 325 924 et
334 907 378 923 tum
389 908 471 930 quoque
480 908 539 930 parce
548 901 615 923 mensa
624 907 732 930 apparetur
741 909 778 923 nec
791 902 851 924 etiam
867 907 919 924 tem-

168 941 219 964 pore
228 933 371 955 solennitatum
380 932 458 960 collegii
464 932 589 960 superfluitas
599 932 691 954 ciborum
699 933 824 954 adhibeatur.
852 933 920 961 Siquis

169 973 217 987 vero
227 964 275 986 huic
289 963 413 985 ordinationi
421 970 465 984 non
475 963 564 992 paruerit
574 969 612 991 pro
620 963 711 991 qualibet
719 963 761 985 vice
771 963 833 985 unius
842 964 919 985 hebdo-

168 997 234 1018 madae
248 994 376 1016 communias
390 994 470 1015 amittat
484 998 505 1016 et
518 993 615 1026 crescente
628 994 757 1016 contumacia
771 994 854 1016 arbitrio
866 1002 919 1024 prae

169 1027 228 1056 positi
238 1026 309 1048 crescat
318 1032 389 1054 poena..

362 1098 395 1118 De
399 1097 458 1125 portis
467 1101 544 1126 tempore
552 1097 609 1118 debito
618 1097 726 1118 claudendis.

455 1152 473 1172 c
487 1152 506 1172 A
520 1152 544 1173 P.
572 1152 628 1172 XVI.
675 1142 677 1144 ’

206 1207 301 1229 'ORTAE
310 1205 415 1233 cujussibet
422 1205 501 1234 collegii
510 1206 541 1227 vel
549 1205 622 1227 domus
633 1206 706 1233 hyeme
712 1206 764 1227 hora
771 1206 842 1229 ossava
851 1206 917 1228 aestare

227 1245 281 1259 nona
291 1237 412 1259 claudantur
418 1242 439 1259 et
448 1236 515 1258 statim
525 1236 564 1257 hoc
573 1236 602 1257 est
615 1237 660 1264 post
667 1242 761 1265 quartam
772 1242 850 1265 partem
861 1238 916 1259 horae

166 1269 272 1297 praepofito
286 1269 318 1289 vel
333 1269 430 1300 magistro
444 1267 477 1289 seu
494 1267 527 1288 his
542 1267 656 1288 absentibus
671 1275 743 1289 eorum
757 1268 824 1290 locum
839 1269 917 1290 tenemi

166 1300 229 1322 claves
239 1300 350 1324 tradantur
364 1304 471 1327 'remeatur
476 1302 544 1320 autem
553 1297 628 1326 janitor
637 1298 700 1320 cu'wis
707 1299 768 1321 etiam
777 1303 822 1321 tum
832 1299 916 1351 ianpam

828 1331 865 1359 pul
874 1335 920 1351 ann.

975 90 1017 120 ⁵89
