1192 1583
287 131 517 154 .s·rA·r·U·1·A
544 133 771 162 ANTTQUA.

292 214 350 244 183.
367 219 371 222 ’

150 249 373 326 CLAMOREM
391 270 471 297 justitiae
495 256 609 293 audiviinus
633 272 774 300 conquerentis
797 256 902 301 quomodo

212 301 265 323 cistae
274 300 395 329 conscriptos
404 308 439 329 per
448 305 514 337 patre?
529 301 619 328 fundatae
628 302 727 324 damnum
741 310 784 324 non
798 304 901 325 modicum

148 336 169 354 et
178 333 259 354 ruinam
269 339 339 353 omnes
348 336 369 353 et
378 331 460 360 fingulae
469 332 577 360 patiuntur
586 340 622 361 per
631 333 731 360 majolum
741 334 856 356 nostrorum
865 335 901 355 de-

148 363 219 387 fidiam
233 363 339 384 custodum
351 362 495 390 negligentiam
509 367 530 384 et
543 363 706 385 stationariomm
720 365 814 387 astutiam
828 366 900 387 dolurn

149 394 242 417 fraudem
251 398 271 415 et
281 393 426 415 infidelitatem.
442 394 541 421 Sagaciter
550 394 673 423 feliciterque
683 402 738 417 anno
744 396 829 418 Domini
836 397 901 417 mille-

149 425 199 446 fimo
209 432 263 446 cccc
272 424 394 452 oEtogefimo
404 431 459 446 nono
469 424 554 446 secundo
563 425 595 446 die
604 426 690 447 mensis*
684 426 736 453 junii
743 427 841 448 damnum
848 427 902 448 istud
937 429 940 432 ⁴

150 460 210 484 atque
219 455 301 477 ruinam
308 455 376 477 videns
386 462 409 476 ac
417 455 498 476 intuens
507 463 549 484 prae
557 456 632 477 caeteris
642 457 735 484 magistra
745 457 835 479 Elizabet
843 459 900 479 Clere

148 486 201 508 inter
213 486 334 514 multiplicia
347 486 388 507 suae'
400 486 503 507 charitatis
517 493 579 515 opera
588 487 656 508 divina
668 488 757 515 quadam
772 493 797 509 ut
812 489 900 510 creditur

149 517 274 546 providentia
283 517 318 538 sua
327 523 351 538 ex
359 517 477 538 liberalitate
486 517 582 539 ducentas
595 525 671 539 marcas
680 519 762 540 donavit
769 519 793 540 ad
806 519 901 541 cistarum

149 548 309 577 reparationem:
324 554 372 569 cum
381 555 422 575 qua
432 548 513 575 quidem
528 548 607 570 summa
621 549 668 570 0610
678 549 730 570 cistae
744 550 834 572 videlicet
848 551 900 572 Nele

150 579 222 601 sancia
231 578 339 600 Trinitatis
354 579 484 606 Darlyugton
498 579 641 607 Byllyngforth
654 581 738 601 Exceter
752 581 823 608 Lynke
837 581 900 603 sanffi

146 610 249 638 -Johannis
263 614 283 631 et
297 611 366 631 Fenne
380 609 402 630 in
416 609 523 637 pristinum
540 610 615 631 statum
629 612 738 632 earundem
751 611 898 635 fundationum

149 641 236 669 perfec‘te
243 640 291 662 sunt
296 640 409 662 restaurata:
418 645 438 661 et
447 641 592 669 redintegratae.
610 643 643 663 Ne
651 641 714 669 igitur
722 642 831 663 consimilis
840 650 900 664 occa—

148 672 176 693 flo
191 671 261 693 damni
277 676 297 692 et
313 671 377 692 ruinae
394 671 446 692 cistis
464 672 615 699 praenominatis
631 673 687 700 quod
701 672 751 693 absit
767 673 789 693 in
804 672 900 696 futurum

148 703 254 730 contingat
268 709 306 723 nos
320 702 412 723 Thomas
426 702 538 724 Rotheram
552 702 681 724 cancellarius
695 703 828 725 universitatis
843 705 899 726 Can·-

148 733 272 761 tabrigienfis
281 737 301 755 et
310 737 371 754 cetus
381 733 483 754 unanimis
498 733 611 761 regentium
625 738 645 754 et
654 734 822 761 non-regentium
835 734 899 756 statu-

145 764 201 786 ‹imus
216 769 236 785 et
250 764 367 785 ordinamus
382 764 437 791 quod
452 763 551 785 statutum
566 765 590 785 de
605 764 730 786 auditoribus
745 769 768 786 et.
782 765 898 787 custodibus

148 796 241 822 cistarum
256 795 343 817 districte
352 795 466 816 observetur
479 802 502 816 ac
516 795 538 816 in
552 795 668 822 juramento
677 796 724 816 dato
739 795 864 818 auditoribus
878 802 899 818 et

148 826 263 849 custodibus
274 826 352 854 legatur
364 825 387 847 in
396 826 456 853 plena
466 826 621 854 congregatione
630 831 649 848 et
664 827 749 848 omnino
762 833 810 848 curn
821 827 898 849 silentio

144 858 249 879 audiatur.
272 858 324 878 Item
333 857 387 885 quod
397 856 483 884 quilibet
492 856 542 878 liber
554 857 703 885 impignoratus
713 862 749 878 aut
754 857 898 886 impignoran-

148 889 185 910 dns
195 888 241 909 licet
251 888 413 916 supplementum
422 888 540 909 nominetur
549 887 572 908 fit
587 888 609 909 in
618 888 636 909 se
650 888 718 909 cautio
727 893 748 909 et
761 889 817 916 quod
827 888 848 909 in
858 889 898 910 du-

148 920 182 947 plo
191 926 260 940 verum
271 919 359 940 valorem
368 918 455 943 excedat.
480 919 531 939 ltem
541 919 596 946 quod
606 919 695 940 custodes
704 918 813 940 inscribant
822 926 898 941 nomen

148 957 170 971 ac
180 956 293 977 cognomen
302 948 458 977 impignorantis
466 948 524 970 fimul
534 956 581 970 cum
591 950 636 971 loco
647 949 685 971 suae
693 949 830 971 habitationis.
845 951 898 972 Item

148 982 202 1009 quod
212 981 233 1002 in
243 980 333 1008 qualibet
346 980 393 1001 cista
408 980 432 1000 ad
444 979 513 1001 minus
522 987 576 1001 unus
587 980 693 1001 custodum
707 980 731 1001 fit
741 981 820 1002 aulai-is.
844 982 897 1002 Item

147 1012 202 1040 quod
213 1012 282 1033 nullus
294 1010 395 1038 religiosus
409 1010 546 1039 cujuscunque
560 1011 622 1032 fuerit
632 1011 755 1039 profeffionis
770 1017 806 1033 aut
820 1012 897 1033 ordinis

147 1042 253 1071 pecuniam
264 1046 338 1063 mutuo
346 1041 428 1069 recipiat
438 1042 462 1062 de
472 1041 524 1063 cistis
534 1042 667 1064 universitatis
681 1042 718 1063 nifi
732 1042 788 1070 prius
798 1042 816 1064 se
830 1043 896 1064 osten-

147 1074 182 1095 dat
190 1074 263 1094 habere
272 1072 389 1101 potestatem
400 1072 549 1100 impignorandi
559 1073 674 1094 cautionem
680 1075 683 1079 ’
689 1080 711 1094 ac
726 1073 831 1101 praestandi
840 1073 896 1100 jura-

147 1109 240 1125 mentum
250 1104 286 1125 sub
295 1103 360 1131 sigillo
368 1108 479 1124 conventus
490 1104 520 1124 vel
535 1103 606 1131 prioris
617 1105 647 1125 vel
661 1104 751 1131 gardiani
765 1105 821 1131 quod
835 1111 895 1132 penes

146 1135 235 1156 custodes
249 1135 344 1156 volumus
358 1133 536 1161 remanere¹usque
550 1135 574 1155 ad
589 1134 670 1155 finalem
685 1135 842 1162 redemptionem
857 1135 895 1155 hoe

146 1166 173 1187 est
183 1166 282 1194 quamdiu
292 1165 366 1193 pignus
375 1164 397 1185 in
407 1163 455 1185 cista
465 1170 573 1185 remaneat.
603 1166 653 1187 Item
668 1166 723 1193 quod
733 1165 822 1186 custodes
836 1165 895 1186 cista-

146 1204 191 1218 rum
209 1196 247 1217 sint
260 1195 378 1218 stationarii.
407 1195 508 1216 Volumus
524 1195 604 1223 insuper
618 1196 672 1224 quod
687 1196 756 1216 omnia
770 1196 806 1216 ista
820 1196 895 1217 statuta

146 1227 205 1248 fimul
215 1227 327 1248 scribantur
339 1226 361 1247 in
371 1225 461 1254 qualibet
470 1226 517 1247 cista
531 1233 578 1247 cum
589 1226 667 1247 statutis
682 1227 797 1247 earundem.
821 1227 894 1254 Jurent

145 1258 236 1279 custodes
245 1258 340 1279 cistarum
350 1257 406 1285 quod
416 1257 467 1277 nulli
480 1257 505 1278 de
515 1257 562 1278 cista
576 1258 601 1278 ad
614 1257 671 1284 cujus
681 1256 792 1278 custodiam
798 1257 848 1278 -sunt
859 1258 895 1279 ad-

145 1289 195 1310 miffi
207 1289 312 1316 pecuniam
323 1293 397 1309 mutuo
407 1288 485 1308 dabunt
493 1287 530 1308 nisi
539 1287 595 1315 prius
610 1292 706 1308 mutuum
720 1287 756 1308 sub
767 1287 850 1315 pignore
860 1295 894 1309 ac-

145 1319 221 1347 cipiens
231 1319 285 1347 juret
293 1320 347 1347 quod
358 1319 383 1339 ad
392 1318 450 1339 usum
460 1318 518 1339 suurn
528 1319 627 1340 duntaxat
634 1318 689 1339 illam
696 1319 804 1347 pecuniam
813 1319 895 1347 recipiet

144 1355 164 1371 et
173 1351 229 1379 quod
239 1350 314 1379 pignus
322 1349 500 1378 impignorandum
510 1349 534 1370 sit
544 1349 602 1374 suum
616 1350 647 1371 vel
656 1350 710 1378 quod
726 1349 761 1372 fibi
775 1357 787 1372 a
797 1357 844 1371 vero
857 1350 895 1370 do-

503 1381 528 1402 M
838 1380 896 1402 mino
