1192 1583
285 127 506 150 STA'TUTA
534 127 762 155 ANTIQUA.

145 181 174 198 tat
189 180 232 198 tam
247 175 376 197 cancellarius
392 183 455 204 quam
469 175 536 197 taliter
550 176 646 197 rebellans
664 176 703 197 lint
722 176 818 199 absentes.
846 179 898 200 Item

145 209 200 236 quod
209 214 280 228 omnes
290 207 327 235 qui
335 207 408 228 debent
419 206 535 228 incarcerari
545 207 567 228 in
578 205 655 228 carcere
669 207 747 229 domini
756 208 808 235 regis
819 208 840 230 in
850 209 898 230 villa

145 240 300 260 incarceremur.
318 239 369 259 Item
380 238 503 258 declaratum
513 238 541 258 est
550 238 605 266 quod
615 237 637 259 in
647 238 804 260 correftxonibus
812 239 898 261 restores

145 271 175 291 vel
190 273 330 298 procuratores
344 269 417 290 debent
431 269 510 291 affidere
523 269 642 291 cancellario
656 270 688 290 vel
702 270 745 297 ejus
763 271 897 293 commiffario

145 302 174 322 ita
183 301 239 329 quod
249 299 411 328 praemuniantur
420 300 444 321 de
459 300 504 321 loco
513 304 534 321 et
544 304 634 328 tempore
648 300 662 321 fi
673 301 739 322 venire
748 302 861 323 voluerint:
876 307 897 323 et

144 332 181 353 ista
190 331 298 352 declaratio
307 331 329 352 in
340 335 459 359 perpetuum
472 335 552 352 maneat
566 331 687 352 inconcuss'a.
716 333 767 353 Item
782 332 804 353 in
818 339 897 354 correc-

145 363 235 388 tionibus
246 362 340 383 faciendis
351 362 365 382 fi
376 362 516 390 poenitentiam
531 362 590 383 §licui
605 362 703 383 inflic'mm
714 369 752 391 pro
761 363 866 385 commifl‘o
875 364 897 385 in

144 400 226 422 poenam
236 392 372 421 pecuniariam
380 393 469 414 converti
478 393 584 420 contingat
601 393 707 414 statuimus
723 395 778 422 quod
791 394 826 415 illa
836 402 897 423 pecu-

145 424 178 446 nia
187 431 223 453 per
232 428 370 452 procuratores
380 424 410 444 vel
419 430 490 444 eorum
500 424 586 445 alterum
597 423 711 452 recipiatur.

262 497 269 511 1
276 497 293 511 ι,
310 490 344 510 De
352 489 505 510 convocationibus
509 489 606 517 ficiendis
611 494 647 517 per
655 489 790 511 cancellarium.

207 545 341 567 NIVERSI
356 549 445 572 regentes
455 545 480 565 ad
490 544 616 566 vocationem
630 545 742 566 cancellarii
757 545 853 567 omnihus
863 545 896 567 iu—

214 576 283 597 tersmt
291 575 441 604 inceptionibus
456 581 475 596 et
488 576 602 597 solennibus
617 575 786 604 resumptionibus
802 584 844 598 non
858 577 897 598 nisi

144 605 241 628 licenciati
251 607 298 628 inde
307 606 397 628 receffuri
405 606 510 635 quousque
522 607 611 635 inceptio
621 607 653 627 vel
662 607 777 634 hujusmodi
787 608 897 636 resumptio

144 638 232 659 totaliter
244 638 268 658 fit
280 638 386 665 completa.
411 638 444 658 Ad
459 637 584 664 vocationem
600 637 661 658 etiam
677 638 789 659 cancellarii
805 639 832 660 ob
847 639 896 660 alias

144 673 206 690 certas
222 669 290 690 causas
307 668 351 690 aliis
369 668 494 697 temporibus
511 668 607 690 faciendis
622 673 684 697 prout
698 669 762 690 eidem
777 670 896 691 cancellario

145 700 244 721 videbitur
253 699 376 721 univeffitati
385 699 490 727 expediens
502 699 624 720 conveniant
638 706 709 720 omnes
722 700 810 727 magistri
824 708 895 728 regen—

144 735 171 752 tes
181 730 275 759 acssetiam
285 730 300 751 li
310 730 383 751 necesse
393 730 455 750 fuerit
468 734 611 757 non-regentes
621 730 646 750 de
660 730 748 751 utilitate
757 732 862 752 communi
872 737 895 753 et

143 762 223 790 publica
230 761 297 790 quiete
306 761 344 782 seu
348 760 392 782 aliis
401 760 647 788 negotiislunivetfitatem
657 761 821 789 contingentibus
836 769 894 783 com-

143 793 232 815 muniter
241 792 356 814 tractaturi:
367 792 388 813 in
398 798 441 820 quo
449 792 495 813 casu
505 792 574 813 nunus
584 792 602 813 se
609 792 710 813 absentare
719 793 826 821 praesumat
833 800 896 821 quem

142 823 229 845 absentia
238 823 382 848 rationabiliter
391 829 434 844 non
443 823 534 845 excusat.
563 822 647 844 Diebus·
655 830 702 845 vero
711 824 785 852 quibus
796 823 820 845 fit
833 831 895 852 gene-

142 855 209 876 raliter
218 854 347 882 congregatio
356 853 394 875 five
409 854 521 881 regentium
536 858 618 875 tantum
628 854 666 875 five
681 854 794 883 regentium
808 859 828 876 et
841 862 894 876 non-

142 885 254 914 regentium
263 884 372 914 disputatio
380 885 437 907 nulla
445 884 488 906 fiat.

278 957 309 971 12.
329 951 362 971 De
370 954 447 978 tempore
454 957 490 979 quo
498 950 554 971 durat
563 950 638 978 officium
647 951 760 971 cancellarii.

172 1007 247 1028 TEM
262 1006 361 1027 statutum
375 1006 404 1027 est.
417 1006 473 1034 quod
487 1006 616 1027 cancellarius
631 1006 666 1034 qui
677 1013 714 1034 pro
729 1011 819 1035 tempore
832 1006 894 1028 fuerit

179 1038 234 1058 ultra
248 1037 354 1058 biennium
369 1037 492 1059 continuum
509 1037 621 1058 cancellarii
636 1037 703 1058 officio
720 1044 763 1058 non
779 1037 893 1065 fungatur:

140 1068 198 1090 liceat
208 1072 277 1090 tamen
286 1068 358 1095 majori
368 1068 421 1096 parti
430 1068 543 1096 regentium
552 1068 605 1089 circa
614 1068 675 1089 finem
686 1068 761 1089 biennii
776 1073 800 1089 ut
809 1075 845 1097 per
854 1075 892 1089 an-

140 1106 191 1121 num
206 1106 272 1120 unum
288 1099 411 1120 continuum
420 1099 535 1127 sequentem
548 1099 648 1120 duntaxat
658 1099 708 1120 stare
722 1099 786 1120 valeat
800 1099 822 1121 in
836 1099 891 1120 disto

140 1130 207 1152 officio
215 1130 325 1159 disponere.

207 1200 210 1202 ·
230 1202 238 1216 ι
242 1202 262 1223 3.
280 1194 334 1222 Quod
341 1194 399 1215 nullus
404 1195 433 1223 fit
441 1194 559 1216 cancellarius
567 1194 598 1216 hic
608 1199 625 1215 et
633 1193 713 1222 qffics'alis
721 1194 766 1222 epifi
787 1195 802 1215 i.

168 1250 240 1271 TEM
254 1249 352 1271 statutum
361 1249 390 1273 est
399 1250 454 1277 quod
468 1250 537 1274 nullus
547 1250 677 1271 cancellarius
686 1249 745 1270 dictae
755 1249 888 1271 univerlitatis

174 1280 234 1302 simul
243 1281 316 1302 habeat
329 1281 362 1302 seu
372 1285 439 1302 teneat
453 1280 543 1304 officium
557 1280 679 1302 cancellariae
693 1280 825 1302 universitatis
835 1287 888 1309 prae-

139 1311 196 1333 dietae
206 1318 255 1334 cum
264 1311 392 1337 officialitatis
401 1311 488 1341 episcopi
497 1311 564 1335 officio
570 1311 645 1341 quovis
655 1312 723 1334 modo.
752 1312 889 1365 (1αὲοέἐὲᾚίἓέ
