1192 1583
397 126 619 156 STATUTA
648 127 874 155 ANTIQUA.

259 179 281 196 et
287 175 453 203 non-regentium
461 182 484 196 ex
491 179 546 203 parte
553 182 586 196 rea
592 175 622 196 vel
630 175 702 196 actoris
710 180 730 196 et
739 176 764 196 de
774 175 867 204 pensione
872 174 942 202 etjure
952 175 1010 197 inha‘-

259 206 363 227 bitationis
370 206 478 228 domorum
489 213 530 227 non
541 206 695 227 committantur
703 213 739 227 nec
745 213 812 227 coram
820 207 860 227 alio
868 207 939 234 quovis
949 207 1011 228 modo

260 237 379 258 tractentur.
408 238 435 258 Et
446 237 494 265 quia
504 237 539 258 sub
549 237 615 258 colore
625 237 697 258 atrocis
708 237 787 264 injuriae
802 237 889 264 magistri
900 243 989 265 regentes
999 246 1009 259 a

259 268 299 289 suis
310 268 370 289 curiis
384 267 530 289 defraudantur
539 267 571 288 seu
586 268 691 296 privantur
705 268 804 289 statutum
818 268 846 289 est
855 269 910 296 quod
925 268 1012 290 crimin:

259 306 302 320 non
313 299 387 319 atrocia
402 303 499 327 tanquam
514 298 590 319 atrocia
604 298 735 320 criminaliter
747 304 881 327 proponentes
896 304 916 319 et
931 300 951 320 in
963 307 1009 327 pro-

259 330 310 351 ceffu
320 330 383 350 causae
393 329 414 350 in
422 330 543 358 probatione
552 329 664 350 deficientes
674 330 695 351 in
707 330 733 351 xii
743 330 828 351 denaiiis
843 330 948 351 communi
958 330 1010 351 cistae

259 361 383 389 applicandis
399 361 529 383 mulctentur.
546 361 602 381 'Nec
615 360 673 381 liceat
687 360 805 382 cancellario
819 360 870 382 citra
884 360 1009 383 cessationem

259 392 401 419 magistrorum
412 391 429 412 se
443 392 469 412 ab
480 391 606 412 universitate
620 391 721 412 absentare
735 392 788 412 ultra
803 391 897 412 mensem.
926 392 1010 413 Cancel-

258 422 320 443 Iarius
330 429 377 443 vero
388 422 440 442 ultra
451 429 477 442 xv
486 422 527 442 dies
542 422 650 443 abfuturus
665 422 767 443 neminem
779 422 853 443 *habeat
867 422 963 443 vicarium
973 423 1010 443 nifi

258 453 280 474 in
290 460 351 481 quem
367 453 431 480 major
446 460 491 481 pars
506 452 618 480 regentium
633 453 751 474 consenserit
764 453 798 474 cui
812 453 886 474 vinute
900 453 969 474 statuti
977 453 1010 480 ju-

258 484 392 505 risdiffionern
404 484 460 505 suam
470 483 595 504 committere
605 488 703 505 teneatur.

496 556 516 576 9.
535 549 567 569 De
573 548 659 576 potestate
668 549 780 570 cancellarii.

300 620 303 622 Α
314 604 545 625 ANCELLARIUS
560 604 591 624 vel
605 603 647 631 ejus
662 603 747 625 vicarius
756 603 811 625 dieto
820 604 881 625 modo
891 604 1009 626 substitutus

324 642 359 662 per
371 634 388 655 se
401 639 482 655 tantum
497 634 512 660 si
525 634 611 655 voluerit
622 634 689 655 causas
700 634 819 656 scholarium
831 635 930 656 universas
942 635 1010 656 audiat

257 671 277 686 et
286 665 364 687 decidat
374 665 468 688 nistfaffi
479 665 572 686 atrocitas
582 666 613 686 vel
624 665 710 693 publicae
720 665 793 693 quietis
803 666 928 694 perturbatio
937 665 1009 693 magis-

257 701 337 726 trorum
346 696 434 725 requirat
444 696 606 717 convenientiam
614 701 635 717 et
644 696 748 718 aflensum.

466 767 496 781 10.
514 761 548 782 De
556 761 683 782 rebellantibus
691 762 804 783 cancellario.

301 817 310 837 1
326 816 372 845 quis
388 817 413 837 de
431 816 558 838 universitate
575 817 731 844 iurisdietionem
748 816 859 839 cancellarii
877 821 1009 838 contemnem

309 847 412 876 propriam
423 848 454 868 vel
468 847 554 869 alienam
569 848 665 875 injuriam
679 855 727 869 cum
741 848 883 869 deliberatione
896 848 926 868 vel
937 855 961 869 ex
975 848 1008 869 in-

257 879 342 899 tervallo
356 878 486 901 vindicaverit
501 878 599 900 insultum
609 879 630 900 in
645 879 710 907 ipsum
725 885 787 907 quem
800 878 901 907 deliquisse
910 878 959 900 dicit
973 884 1009 900 aut

257 909 279 930 in
289 909 331 935 ejus
342 907 452 944 hospitium
463 909 555 930 faciendo
569 915 604 930 aut
615 910 701 930 eundem
715 910 837 930 verberando
851 909 883 930 seu
894 910 946 930 male
956 915 1008 930 trac-

256 941 320 961 tando
335 940 349 960 si
365 940 456 961 monitus
471 940 495 961 ad
510 940 626 961 arbitrium
630 940 742 961 cancellarii
758 941 789 961 vel
804 940 936 961 univerfitatis
953 940 1009 961 satis-

257 971 321 1001 facere
332 971 419 992 noluerit
428 978 475 992 curn
480 969 558 992 είῖεέὶὺ
566 971 620 992 infra
627 971 719 992 triduum
728 971 754 992 ab
763 971 889 992 universitate
898 972 1009 999 expellatur

256 1002 333 1023 eaeteris
343 999 407 1030 poenis
416 1001 473 1028 juxta
483 1002 586 1030 privilegia
600 1002 751 1023 consuetudines
760 1006 781 1023 et
790 1002 864 1023 statuta
873 1001 1009 1023 malefactori-

257 1033 296 1053 bus
307 1033 433 1068 imponendis
445 1033 516 1054 eisdem
527 1032 690 1054 malefaEtoribus
704 1032 825 1060 infligendis.
854 1034 912 1060 Qas
927 1033 1010 1061 quidem

255 1064 373 1092 punitiones
390 1070 434 1084 non
453 1068 534 1084 tanturn
550 1064 574 1084 ad
594 1063 646 1091 ipsos
665 1063 803 1085 malefac'tores
821 1071 891 1085 verum
909 1064 968 1085 etiam
984 1064 1010 1084 ad

256 1101 328 1115 eorum
338 1094 426 1116 fautores
437 1094 469 1115 seu
476 1094 590 1115 'defensores
601 1094 780 1123 finepersonarurn
790 1094 905 1123 acceptione
914 1095 1009 1116 volumus

255 1126 343 1146 extendi.
369 1127 446 1146 Contra
460 1125 573 1147 cancellarii
587 1132 669 1153 quoque
679 1125 837 1154 prohibitionem
847 1125 979 1146 collue‘tantes
989 1130 1009 1146 et

256 1156 305 1177 alias
316 1156 351 1177 fibi
359 1155 497 1177 inobedientes
511 1161 531 1177 et
545 1161 674 1177 contumaces
685 1163 732 1177 curn
743 1156 800 1183 super
811 1155 925 1183 hujusmodi
939 1156 1009 1177 secun-

256 1188 307 1208 durn
318 1188 402 1208 modum
413 1186 545 1208 universitatis
559 1187 637 1208 fuerint
645 1184 733 1208 convicti
746 1186 786 1207 fine
795 1186 907 1208 differentia
916 1187 1010 1215 persona-

256 1225 303 1239 rum
314 1218 373 1239 simili
382 1224 442 1246 poena
452 1222 581 1239 coerceantur
591 1217 606 1238 si
616 1217 655 1238 hoc
665 1217 761 1238 meruerit
774 1217 893 1246 protervitas
902 1222 1009 1239 contuma-

257 1249 325 1270 cium.
348 1250 425 1270 Verum
440 1248 454 1269 fi
469 1248 557 1276 magistri
571 1252 660 1276 regentes
675 1249 705 1269 vel
715 1248 787 1276 aliquis
796 1255 867 1270 eorum
881 1253 953 1270 contra
961 1255 1010 1270 ean-

257 1279 361 1300 cellarium
370 1279 482 1300 colluctans
497 1280 527 1301 vel
542 1280 590 1301 alias
600 1279 715 1301 inobediens
729 1279 818 1300 extiterit
826 1279 896 1300 eorum
906 1279 964 1300 causa
974 1286 1010 1308 per

257 1306 329 1331 2106th
344 1311 370 1331 ab
386 1310 430 1331 aliis
442 1307 557 1338 regentibus
573 1310 666 1339 personas
681 1310 779 1332 tradetur
793 1314 813 1331 et
830 1310 955 1331 terminetur.
984 1311 1009 1332 In

256 1348 345 1370 quarum
355 1340 451 1363 eleffione
465 1341 595 1370 personarum
605 1345 630 1363 ut
639 1341 706 1363 omnis
717 1341 783 1363 timor
789 1341 937 1363 subornationis
951 1341 1009 1363 ahfis-

979 1377 1009 1394 tat
