1192 1583
197 136 224 157 40

420 126 641 149 STATUTA
668 126 895 155 ANTlQuA.

278 175 378 198 universas
389 175 441 196 nihil
450 182 462 196 a
473 174 593 203 pauperibus
599 181 637 202 pro
644 174 778 196 conventione
788 175 894 203 recepturi.
911 176 989 199 Neuter
998 184 1032 198 eo.

277 214 324 229 rum
331 207 403 227 habeat
409 206 538 234 substitutum
548 206 643 227 comitem
651 206 682 226 vel
691 206 823 233 paedagogum
829 206 866 227 nisi
871 207 896 228 d‘e
901 206 981 228 licentia
989 208 1032 236 spe-

278 238 324 259 ciali
333 237 445 259 cancellarii
452 236 533 263 majoris
543 236 604 265 partis
610 241 630 258 et
636 236 717 257 sanioris
724 237 837 264 regentium
843 237 988 260 interveniente
996 239 1032 267 qui
1062 247 1066 251 ·

278 269 347 297 jurent
357 275 425 290 coram
434 267 562 290 univerfitate
571 268 596 288 ad
606 267 686 290 confilia
697 267 829 289 univerfitatis
840 269 923 290 celanda
931 274 951 290 et
960 276 1031 292 eorum

278 299 388 323 ministeria
395 299 481 321 fideliter
491 299 613 326 exequenda.
638 299 781 327 Ingrediantur
795 299 877 327 lingulis
892 299 962 321 diebus
973 300 1031 322 scho-

278 332 309 352 las
323 331 411 358 fingulas
427 330 477 351 hora
493 329 561 358 aliqua
577 329 689 354 leffionurn
708 329 855 354 ordinariarum
872 330 953 358 lingulis
969 332 1031 353 etiam

275 361 448 390 disputationibus
458 361 526 389 aliqua
536 361 586 382 hora
598 360 689 382 intersint
704 361 791 382 bodellus
805 361 948 389 theologorum
962 367 982 384 et
995 363 1030 384 de-

277 393 403 418 crestirarum
417 392 468 413 hora
482 391 547 420 prima
560 397 581 413 et
597 392 647 413 hora
659 391 801 420 disputationis
816 393 925 414 eorundem
942 394 1030 416 bedellus

278 424 392 445 artistarum
402 423 452 444 hora
463 422 521 444 tertia
530 429 571 451 qua
581 422 618 451 ipsi
627 422 727 451 disputare
740 423 892 445 consuevemnt.
904 425 906 427 ’
916 425 1030 453 Campanas

276 454 360 483 pulsare
370 455 477 475 teneantur
491 455 583 482 tempora
598 453 632 475 seu
645 453 705 475 horas
715 453 825 475 antedictas
838 454 859 475 in
870 455 932 476 unius
941 455 1030 478 favorem

276 486 309 506 vel
324 485 406 506 alterius
420 484 560 513 praejudicium
575 485 690 506 nuliatenus
706 485 836 513 anticipando
849 485 883 506 seu
895 487 1030 514 prorogando.

277 516 372 537 lnterfint
381 516 441 537 etiam
452 515 529 543 virgam
539 515 649 537 deferentes
658 516 754 537 omnibus
763 516 854 544 vesperiis
864 517 969 546 praecipuis
979 525 1029 540 con-

276 547 370 568 ventibus
384 547 530 571 defunctorum
544 546 632 574 exequiis
647 551 667 568 et
681 547 777 568 omnibus
792 547 846 568 aliis
850 548 1029 570 convocationibus

276 582 325 599 ante
335 577 476 605 magistrorum
486 577 581 599 recess'um
590 585 634 599 non
643 577 732 599 recessuri
743 578 801 599 nullo
810 578 866 599 alio·
860 586 882 599 ιιι
892 585 962 601 eorum
976 586 1028 608 prae-

276 609 376 637 judicium
393 608 470 636 virgam
484 609 583 630 delatum.
612 608 632 630 si
647 615 695 630 vero
709 609 831 636 negligentes
846 609 877 630 vel
891 610 963 632 remiffi
976 611 1029 632 eirca

275 639 374 668 praediaa
388 644 409 660 et
425 639 464 660 alia
480 640 505 660 ad
522 646 592 660 eorum
612 639 702 661 officium
719 639 840 667 pertinentia
854 640 1029 669 deprehendantur

276 670 392 692 communis
403 670 501 691 colle&a'
496 677 519 691 ιη
528 670 599 692 scholis
608 670 694 691 omnino
703 670 811 703 denegetur
820 670 891 693 eisdem
902 672 933 693 vel
942 672 968 693 ab
981 673 1028 694 offi-

276 701 309 722 cio
318 706 415 729 perpetuo
426 701 458 722 seu
468 702 493 722 ad
507 706 588 729 tempus
599 706 732 722 amoveantur
744 701 765 722 'et
775 701 809 723 alii
819 701 905 723 idonei*
900 710 922 724 m
932 704 977 725 loco
992 711 1027 725 eo-

275 739 323 756 rum
341 732 474 760 subrogentur
492 732 506 753 fi
522 732 590 753 delicti
606 732 693 772 qualitas
709 732 741 754 vel
756 732 878 762 negligentia
894 733 1027 756 remotionem

274 763 412 792 postulaverit.

288 835 323 857 73.
342 829 375 849 De
383 829 453 850 bedellis
461 829 565 857 morefilito
574 829 669 857 vr’fitandis
677 837 712 850 non
720 826 797 858 obstante
805 829 931 859 dtspetfitione
943 832 1012 861 aliqua.
1022 838 1025 841 ’

274 885 407 939 STATU
412 885 490 905 IMUS
506 888 526 905 et
541 884 659 907 ordinamus
674 881 729 913 q'uod
745 886 802 907 nulla
817 886 881 913 gratia
898 894 991 915 unquam
1003 888 1027 910 in

321 915 461 944 praejudicium
470 915 595 936 bedellorum
603 916 628 936 de
635 920 707 937 caetero
717 917 845 938 concedatur.
866 918 894 938 Et
903 918 917 938 fi
927 918 950 939 in
960 919 1026 946 poste-

274 954 321 968 rum
331 946 436 973 contingat
445 950 469 967 ut
483 946 507 967 de
521 946 607 967 introitu
622 946 643 967 in
654 946 715 968 libros
726 947 858 975 posteriorum
868 947 944 969 lectura
959 948 1026 972 biblia

273 977 319 999 vel
314 985 335 998 ιιι
345 977 488 999 sententiarum
495 977 556 998 libros
565 984 626 1005 parva
635 977 739 999 volumina
748 978 781 999 seu
790 978 842 999 circa
852 978 939 1006 aliquem
949 979 1025 1003 librum

274 1009 361 1029 alterurn
371 1008 469 1029 ordinarie
480 1008 510 1029 vel
524 1008 679 1029 extraordinarie
686 1008 794 1036 legendum
803 1009 828 1029 ad
836 1009 923 1036 gradum
932 1010 1026 1034 doitora-

273 1044 308 1060 tus
317 1039 348 1060 vel
358 1034 534 1060 baccalaureatus'
528 1046 550 1060 m
562 1038 609 1066 jure
618 1039 716 1060 canonico
724 1039 756 1060 vel
764 1039 818 1061 civili
831 1040 865 1061 seu
879 1040 918 1061 alia
932 1048 1025 1070 quacun-

274 1077 314 1098 que
321 1070 419 1091 facultate
429 1077 476 1091 curn
482 1070 552 1098 aliquo
559 1069 681 1098 dispensetur
690 1074 740 1092 tunc
745 1070 863 1092 ordinamus
871 1076 892 1093 et
900 1073 994 1095 volumus
1000 1079 1024 1096 ut

273 1106 382 1129 antequam
391 1101 415 1122 ad
425 1101 510 1129 gradum
520 1100 609 1129 aliquem
623 1101 655 1122 vel
664 1100 762 1123 lecturam
772 1102 891 1124 admittatur
905 1103 985 1126 bedenis
999 1106 1024 1127 de

273 1131 371 1154 consuetis
381 1131 483 1160 stipendiis
493 1131 592 1160 complete
606 1131 719 1154 satisfaciat.
743 1133 799 1154 Huic
813 1133 874 1154 etiam
887 1134 964 1156 statuto
973 1136 1011 1163 adj*
1005 1145 1023 1158 ι-

272 1163 337 1184 cimus
351 1163 376 1184 de
389 1169 513 1191 quocunque
525 1162 547 1184 iu
561 1162 680 1191 magistrum
693 1162 829 1191 grammaticae
843 1164 935 1193 deinceps
950 1144 1023 1189 admit-

272 1194 334 1215 tendo
348 1194 403 1222 quod
418 1197 528 1221 antequam
545 1194 570 1214 ad
587 1194 673 1221 gradum
687 1193 807 1215 admittatur
820 1195 901 1217 bedeilis
917 1197 1022 1220 eolleetam

271 1224 402 1246 consuetam
397 1231 419 1246 m
427 1223 506 1252 integro
515 1224 619 1252 persolvat.
643 1225 747 1246 Nolumus
761 1229 830 1248 tamen
839 1233 875 1254 per
884 1227 969 1255 praesens
983 1229 1023 1251 sta.

270 1259 341 1276 tutum
351 1255 372 1276 in
382 1255 451 1283 aliquo
460 1254 600 1284 praejudicium
609 1255 673 1277 facere
680 1256 732 1284 quin
741 1256 853 1285 inceptores
862 1257 884 1278 in
892 1258 948 1279 omni
956 1258 1021 1281 facul-

270 1290 312 1307 tate
321 1285 428 1313 postquam
438 1286 514 1308 admiffi
523 1286 600 1308 fuerint
610 1286 722 1309 liber-ntem
731 1287 820 1309 habeant
828 1294 866 1316 pro
873 1288 1023 1317 inceptionibus

269 1321 290 1340 et
299 1316 389 1345 vesper-iis
398 1316 485 1346 eligendi
493 1317 561 1339 diem
554 1322 613 1346 ‚uxta
621 1318 730 1347 antiquum
739 1318 853 1341 statutum'
847 1326 869 1340 ιιι
876 1319 915 1342 hae
923 1325 987 1349 parte.
1016 1329 1018 1331 ·

897 1409 900 1412 .
940 1384 1022 1412 74·Ut
