1192 1583
177 129 204 150 28

397 126 617 149 s'rATtw‘rA
645 122 873 154 ANT'IQuffi

257 174 314 197 modi
322 174 418 197 viEtualia
425 175 571 196 distrahantur:
586 179 606 195 et
616 174 715 203 praecipue
724 174 808 203 ballivos
817 178 837 195 et
850 174 921 196 eorum
936 180 1009 197 uxore·

256 206 375 233 hujusmodi
384 206 515 228 mercimonia
524 206 549 226 ad
557 205 635 226 viEtum
642 205 785 233 quotidianum
792 205 913 234 pertinentia
922 206 1010 227 durante

260 237 328 258 officio
337 241 449 258 exercentes
459 236 565 265 diligenter
578 236 684 265 inquirant
697 240 799 257 eteorum
812 236 898 257 nomina
911 237 1009 258 cancella-

259 268 291 290 rio
300 268 387 289 referant
403 272 427 289 ut
441 268 550 289 secundum
564 267 638 289 statuta
647 272 668 288 et
682 267 783 296 privilegia
797 267 883 295 graviter
897 268 1011 296 puniantur

256 298 306 327 «ipsis
316 298 394 320 cibariis
404 303 425 320 et
434 299 515 327 potibus
526 301 561 326 p'er
570 298 647 319 eosdem
656 298 677 319 in
692 298 801 319 utilitatem
815 305 927 327 pauperum
941 299 1010 320 omni-

260 337 289 351 no
303 329 454 351 convertendis:
468 337 491 350 ac
505 330 566 351 etiam
581 329 703 350 scholaribus
717 336 764 349 cum
778 328 824 357 ipsts
839 329 1010 356 transgress‘oribur

258 361 425 382 communionem
435 360 507 381 habere
516 360 547 381 vel
561 359 715 380 mercimonium
729 359 758 380 est
772 359 853 387 penitus
867 360 1010 381 inhibendum.

261 391 324 413 Iidem
333 391 396 412 etiam·
404 395 543 419 procuratores
557 390 695 411 malefactores
706 390 729 410 in
740 390 865 411 universitate
874 390 1011 412 inobedientes

260 426 281 443 et
290 426 419 444 contumaces
429 428 464 450 per
473 422 491 442 se
500 426 519 442 et
530 421 579 442 alios
586 421 693 448 diligenter
704 420 824 448 investigent
833 426 853 442 et
862 428 932 442 eorum
942 422 1010 443 nomi—

259 459 288 475 na
297 452 414 474 cancellario
424 452 510 473 referant
519 456 544 473 ut
551 459 586 480 per
595 452 669 473 statuta
677 456 698 473 et
707 451 810 480 privilegia
823 452 956 473 universitatis
963 459 1011 481 gra-

236 484 239 486 “
260 484 312 505 viter
320 483 440 512 puniantur.

362 556 374 576 5
377 556 396 578 5.
415 550 448 571 De
456 549 504 571 modo
512 549 569 570 dandi
577 556 627 570 voees
636 550 657 571 in
665 549 748 571 elefflone
756 550 906 571 procuratorum.

317 605 365 626 UM
380 604 479 626 nonnulli
494 604 603 633 verfipelles
612 609 633 626 et
646 604 725 626 fallaces
739 604 776 626 viri
786 606 900 626 multorum
914 609 937 626 ut
950 612 1012 633 expe-

258 650 261 657 ,
322 635 393 656 rientia
403 636 497 657 novimus
506 643 548 656 non
560 642 623 663 pauca
637 635 658 656 in
668 636 770 663 dispendia
778 640 799 656 et
805 636 927 657 detrimenta
936 643 1011 664 procu-

257 664 352 688 ratorum
363 666 385 688 in
394 666 524 687 elefflonibus
539 666 675 694 saepenumero
688 671 759 687 contra
768 666 789 687 id
803 667 857 695 quod
870 666 954 694 polliciti
964 666 1011 688 sunt

259 697 283 718 in
293 697 375 725 publico
384 696 450 718 dolose
459 697 550 718 fecerunt
561 697 583 718 in
598 698 678 718 occulto
686 703 752 725 operae
766 697 854 726 pretium
868 704 891 718 ac
905 697 1011 718 communi

259 728 343 749 utilitati
354 735 468 756 congruum
477 728 505 749 est
519 728 622 749 adversum
636 728 752 755 hujusmodi
761 728 842 749 astutias
851 733 871 749 et
885 728 1011 756 deceptiones
1049 735 1051 737 ·

260 759 329 787 aliqua
339 759 441 787 providere
455 759 546 780 remedia.
571 759 682 779 statuimus
697 759 771 780 idcirco
784 763 805 780 et
818 759 936 780 ordinamus
946 766 971 780 ne
980 766 1012 780 re-

260 789 354 818 gentium
363 789 469 817 quisquam
479 789 500 810 in
510 794 633 817 quacunque
642 789 737 810 facultate
747 789 768 810 in
779 790 847 817 aliqua
858 794 1012 818 procuratorum

258 820 357 841 felt-‘stione
367 821 391 841 de
398 824 470 841 caetero
479 827 547 841 vocem
557 820 604 840 dare
617 819 723 848 praesumat
737 819 773 840 nifi
783 824 803 840 et
817 820 875 841 suum
884 825 905 841 et
915 820 968 841 illius
978 820 1012 841 cui

258 850 330 872 -vocein
341 851 388 871 dare
393 850 483 871 'voluerit
498 849 614 878 praenomen
624 855 644 871 et
657 857 769 878 cognomen
779 851 861 879 propria
870 858 932 872 manu
942 851 1012 872 inscri-

261 882 297 903 bat
305 888 342 903 nec
350 882 393 902 ullo
402 881 462 910 pafito
471 881 530 902 suum
536 886 611 902 votum
616 881 780 909 compromittere
787 886 900 910 attemptet.
911 882 1012 903 Omnium

258 917 356 941 -praeterea
366 913 409 933 tam
418 911 536 940 eligentium
550 919 612 940 quam
622 912 665 939 ejus
679 919 740 940 quern
749 912 820 940 eligere
829 912 950 934 decreverint
958 913 1012 941 'prae—

258 943 347 964 -nomina
355 948 376 964 et
384 943 507 971 cognomina
516 950 551 971 per
565 943 623 964 illum
634 942 699 971 ipsum
714 948 815 970 regentem
827 943 866 971 ‘qui
880 943 902 964 in
916 943 1012 965 scrutinio

262 974 332 1001 junior
345 973 451 1002 reputatur
462 974 506 1002 post
521 973 641 995 scrutinium
654 978 673 995 et
689 978 737 994 ante
750 973 808 995 eleffi
824 969 1013 1002 pronuntiationem

258 1005 342 1033 -publice
352 1009 396 1026 tota
405 1011 473 1026 coram
487 1005 642 1032 congregatione
652 1004 767 1026 recitentur.
790 1005 900 1026 statuimus
915 1004 975 1026 etiam
989 1010 1014 1027 ut

259 1034 348 1064 quilibet
357 1035 564 1064 posthae'incepturus
578 1036 604 1057 ad
617 1036 726 1063 regendum
741 1035 770 1057 in'
779 1042 900 1064 quacunque
917 1035 1014 1057 facultate

262 1067 285 1087 in
295 1066 329 1087 sua
339 1066 454 1087 admiffione
464 1066 521 1088 tactis
535 1066 663 1087 sacrosanfitis
677 1067 775 1095 corporali
785 1067 822 1087 sub
832 1066 946 1093 juramento
956 1074 1013 1088 coer-

258 1102 332 1118 ·ceatur
344 1098 400 1125 quud
409 1104 451 1118 non
462 1098 523 1118 modo
532 1097 582 1118 illud
592 1097 691 1119 statutum
700 1097 722 1118 in
737 1097 754 1118 se
768 1097 853 1118 fideliter
861 1097 970 1118 observabit
978 1104 1013 1119 ve-

262 1133 309 1150 rum
319 1128 379 1149 etiam
388 1128 438 1149 alios
450 1135 486 1156 pro
495 1128 570 1149 viribus
580 1129 605 1149 ad
614 1128 697 1149 id'idetn
707 1129 757 1149 bene
764 1128 908 1149 observandum
918 1128 955 1149 sese
965 1129 1013 1156 pro-

262 1166 333 1180 curare
342 1159 454 1187 promittet.
473 1158 579 1180 Volumus
590 1159 659 1187 itaque
668 1159 721 1179 istud
731 1159 828 1180 statutum
837 1158 895 1179 omni
904 1165 959 1180 anno
969 1159 1015 1187 post

263 1189 340 1211 musam
351 1195 371 1211 et
381 1194 428 1210 ante
437 1189 556 1212 scrutinium
571 1196 639 1210 coram
652 1189 769 1217 regentibus
777 1183 804 1210 a'b
818 1190 881 1211 altero
894 1194 1014 1217 procurato-

261 1227 311 1241 -rum
320 1220 384 1242 aliove
393 1225 472 1248 regente
482 1227 517 1248 per
525 1220 668 1241 cancellarium
677 1224 713 1241 aut
726 1220 769 1247 ejus
779 1220 830 1241 vic'es
844 1225 945 1248 gerentem
956 1221 1013 1248 affig-

260 1252 331 1272 nando
340 1252 364 1272 de
374 1252 435 1272 verbo
444 1251 465 1272 in
475 1251 559 1272 verbum
569 1251 652 1279 publice
658 1250 696 1278 legi
706 1258 732 1272 ne
742 1258 777 1279 per
787 1251 922 1279 ignorantiam
931 1251 949 1272 se
958 1251 1013 1280 quil>

264 1289 327 1311 quam
338 1283 403 1306 valeat
412 1282 510 1305 excusare,
539 1284 602 1304 Anno
611 1282 696 1303 Domini
708 1289 768 1310 1490.
1038 1283 1043 1285 ’

933 1376 967 1405 5⁶·
983 1377 1017 1398 De
