1192 1583
207 66 248 96 580

461 64 876 90 APPENDIX.

290 114 313 136 in
329 118 420 141 tempore
437 112 572 133 redimantur:
587 111 643 139 quod
657 110 672 132 fi
681 110 760 137 snitum
770 119 813 133 non
823 112 886 134 fuerit
899 112 987 141 pignora
1000 113 1044 143 ipsa

290 149 381 173 tempore
390 143 415 164 ad
425 143 464 164 hoc
474 142 588 171 praescripto
598 142 672 170 absque
682 142 744 164 ullius
754 143 842 171 personae
852 143 942 172 respefiu
953 145 1043 167 vendan-

291 180 333 198 tur.
361 176 433 202 Itaque
442 173 570 196 cancellarius
580 173 660 202 publice
673 173 762 195 edictum
777 179 878 202 proponat
889 180 911 197 ut
920 175 958 204 qui
967 176 1043 197 habent

291 207 378 235 pignora
397 206 450 226 ultra
466 209 546 232 tempus
561 204 667 232 praefixum
683 205 737 233 apud
752 205 809 226 cistas
823 212 846 228 ea
864 205 918 227 intra
935 206 1046 235 quindenae

292 237 379 266 spatium
385 236 480 257 redimere
486 239 557 256 curent
563 235 640 264 alioqui
649 235 707 262 juxta
716 236 838 258 statutorum
845 236 937 263 formam
947 237 1044 259 cistarum

292 268 378 297 pignora
393 266 434 295 ipsa
448 266 566 288 distraetum
581 266 613 288 iri.
642 266 735 288 Pecuniae
750 267 844 289 cistarum
854 267 876 289 in
887 268 982 293 manibus
990 268 1043 290 vice-

292 298 405 321 cancellarii
410 297 515 319 custodum
522 297 555 318 seu
564 297 650 325 cujusvis
660 297 742 319 alterius
751 305 793 319 non
800 303 917 320 remaneant
927 299 959 320 sed
968 299 990 320 in
998 299 1047 328 ipsis

242 345 247 349 .
292 329 345 351 cistis
365 328 466 350 serventur
484 333 505 349 et
519 335 585 357 quum
605 328 679 357 pignus
699 329 804 350 redimitur
820 329 851 351 vel
868 330 938 358 aliqua
953 331 1044 358 pecuniae

293 361 372 382 summa
386 360 410 381 ad
425 360 493 381 cistam
508 359 610 388 pertinens
624 359 710 387 exigitur
724 359 744 381 id
759 360 795 382 fiat
803 361 857 389 apud
867 360 936 382 cistam
946 366 967 382 et
977 361 1048 383 statim·

293 391 379 420 pecunia
392 391 415 413 in
425 391 473 412 cista
483 395 600 419 reponatur.
628 391 724 411 Custodes
740 391 840 413 cistarum·
852 392 919 413 statim
934 392 994 419 finito
1008 392 1046 414 suo

293 423 361 444 officio
379 422 463 443 reddant
482 426 602 450 compotum
622 426 642 442 et
657 422 756 443 rationem
770 422 949 445 administrationis
963 423 1003 445 suae
1014 423 1045 444 >in

293 453 398 482 praesentia
414 453 477 474 trium
493 452 646 481 praepolitorum
661 453 793 480 collegiorum
812 460 848 481 per
867 454 1045 482 congregationem

293 484 467 513 deputandorum:
475 488 494 505 et
500 483 514 504 fi
520 484 542 505 in
550 483 619 511 aliquo
628 483 695 504 debito
706 484 836 506 remanserint
841 484 862 505 id
871 492 906 513 per
911 489 979 506 totum
986 485 1046 507 illum

294 520 315 537 et
330 516 445 544 sequentem
459 515 512 536 diem
529 514 641 543 persolvant
655 515 730 542 alioqui
747 515 834 544 duplum
850 516 950 543 pendant:
965 516 1046 544 quodsi

294 554 338 568 non
352 546 435 567 fecerint
449 552 485 574 per
498 550 563 566 totam
577 545 633 566 illam
647 545 795 567 hebdomadam
809 546 867 567 omui
876 546 943 569 officio
952 554 975 568 ac
985 547 1048 570 bene-.

293 577 341 599 ficio
351 577 412 605 ipfius
421 576 554 598 univerfitatis
564 580 662 605 perpetuo
671 581 759 598 careant.
788 577 808 604 Si
818 584 865 598 vero
874 578 906 598 vel
915 578 1048 602 cancellarius,

294 609 326 629 vel
343 608 434 629 custode·
448 607 543 629 cistarum
557 607 579 628 in
595 607 697 636 praemissis
711 608 743 629 vel
757 614 828 629 eorum
842 608 912 636 aliquo
924 608 1046 637 deliquerint

295 639 332 667 ips:
341 638 380 660 illis
390 638 455 667 poenis
466 638 597 665 subjiciantur
610 645 656 666 quae
670 638 692 659 in
706 638 771 667 capite
779 639 804 659 d‘e
812 638 932 660 officialibus
942 639 1046 667 negligen-

295 670 351 691 tibus
361 670 452 691 officium
467 669 525 690 suum
540 669 671 690 continentur
684 676 730 697 quae
740 669 774 690 hic
783 676 820 698 pro
827 670 919 698 expressis
928 674 949 691 et
957 670 1047 699 repetitis

295 701 419 722 hehe-ntur:
434 707 480 728 quae
494 705 561 721 tamen
577 707 643 728 poeme
657 707 694 728 pm
703 700 789 721 exceffus
799 700 896 728 qualitate
905 701 931 722 ad
940 701 1047 723 arbitrium

295 731 449 760 prepositorum
463 730 595 758 collegiorum
605 731 665 752 etiam
676 731 744 759 augeri
754 731 834 759 poffint.
863 731 972 753 Auditores
989 739 1046 754 com-

295 768 393 791 potorum
411 767 454 783 tam
471 761 586 783 eommunis
604 768 667 789 quam
687 762 810 790 reliquarum
830 762 925 784 cistarum
943 769 980 791 per
996 763 1046 785 vice-

295 794 437 815 cancellarium
452 797 472 814 et
489 793 581 821 quinque
595 799 620 813 ex
635 792 745 814 senioribus
761 793 878 814 doctoribus
893 801 916 815 ac
932 794 1049 822 pmpofitos

297 824 429 852 collegiorum
437 828 482 845 tum
492 823 588 851 temporis
602 823 658 844 domi
668 824 773 852 praesentes
779 824 915 852 deputentur:
929 825 1000 846 elefflo
1009 832 1047 846 au—

297 860 338 877 tem
348 855 406 877 aliter
414 855 468 876 facta
477 854 555 876 nullius
564 854 588 876 fit
597 854 705 875 momenti.

326 916 355 936 Ut
365 921 404 943 pax
414 920 435 936 et
444 914 579 942 tranquillitas
588 914 610 936 in
620 914 657 935 hac
670 914 796 935 universitate
811 919 908 943 perpetuo
922 915 1050 937 conservetur

297 946 382 974 quilibet
395 946 463 973 quiete
476 945 557 973 pacifice
571 950 591 966 et
606 945 715 973 tranquille
727 945 781 966 vivat
795 946 937 974 neminemque
946 946 1002 970 diflo
1017 947 1048 968 vel

298 976 354 997 faeto
368 976 457 997 offendat
470 981 490 997 et
500 976 608 1004 prasertim
618 975 719 997 occasione
733 976 850 998 visitationis
866 984 932 1005 nuper
940 977 1015 1004 habitae
1024 982 1047 1004 ut

298 1007 347 1035 quia
356 1007 419 1035 aliqui
430 1006 546 1028 denuntiati
556 1006 594 1027 sive
605 1005 697 1027 mul6tati
707 1006 829 1035 suspicentur
838 1007 926 1036 aliquem
940 1008 958 1029 se
968 1008 1047 1030 denun-

299 1037 355 1059 ciaffe
364 1039 395 1059 vel
404 1043 474 1059 contra
487 1037 505 1058 se
515 1036 621 1065 deposuiffe
631 1044 668 1059 nee
678 1037 719 1058 ulla
729 1037 754 1059 de
762 1037 877 1065 hujusmodi
891 1038 950 1060 rebus
964 1038 1049 1067 quaestio

299 1068 332 1090 stu
345 1068 453 1097 disputatio
469 1068 500 1089 vel
516 1068 620 1089 contentio
633 1073 705 1096 agatur
718 1075 764 1089 eave
778 1068 885 1097 quisquam
900 1069 957 1091 alteri
967 1069 1049 1096 objiciat*

298 1100 329 1121 fed
340 1099 409 1121 omnia
415 1104 512 1128 perpetuo
520 1098 597 1120 filentio
606 1098 747 1120 involvantur:
761 1104 781 1120 et
790 1100 896 1129 postquam
906 1099 1049 1127 omneshujus*

298 1130 431 1152 universitatis
444 1129 535 1158 ‘personae
544 1136 568 1150 ex
578 1129 617 1150 Dei
627 1129 759 1151 misericordia
771 1130 874 1152 catholicae
887 1130 970 1152 ecclefiae
978 1127 1050 1155 :icona

299 1161 361 1183 eiliati
375 1161 422 1182 sunt
435 1164 456 1182 et
468 1160 501 1181 vix
516 1166 570 1181 unus
587 1160 670 1181 demum
684 1159 778 1182 inventus
791 1161 829 1182 est·
839 1161 875 1190 qui
893 1161 911 1182 se
926 1160 1049 1183 catholicum.

299 1191 472 1221 aperteprofeffus
481 1198 524 1212 non
534 1191 557 1212 fit
567 1195 587 1212 et
596 1191 685 1212 dolorem
696 1191 844 1220 praeteritorum
853 1198 944 1214 errorum
954 1199 998 1214 non

300 1223 397 1244 retulerit
406 1222 483 1244 nemini
491 1222 549 1243 liceat
557 1222 615 1243 alteri
624 1222 709 1249 objicere
719 1222 829 1251 praeteritos
837 1229 912 1245 errores
922 1223 953 1245 sed
963 1223 1048 1254 quilibet

297 1254 367 1281 qualis
380 1253 515 1281 unusquisque
530 1260 586 1274 nunc
596 1253 621 1274 fit
630 1260 672 1274 non
682 1253 747 1281 qualis
757 1253 819 1275 fuerit
828 1255 929 1275 attendat!
944 1252 1050 1282 oinnisque

299 1283 334 1306 illa
348 1284 494 1306 catholicorum
503 1288 524 1306 et
537 1290 581 1306 non
589 1283 736 1306 catholicorum
744 1284 846 1307 distinc'tio
853 1290 879 1307 -ει
888 1283 1004 1307 vdifferentia
1014 1292 1050 1313 pe-

704 1323 707 1326 ’
993 1320 1051 1337 mtus
