<?xml version="1.0" encoding="UTF-8"?>
<!DOCTYPE html PUBLIC "-//W3C//DTD XHTML 1.0 Transitional//EN"
    "http://www.w3.org/TR/xhtml1/DTD/xhtml1-transitional.dtd">
<html xmlns="http://www.w3.org/1999/xhtml" xml:lang="en" lang="en">
 <head>
  <title>
</title>
<meta http-equiv="Content-Type" content="text/html;charset=utf-8" />
  <meta name='ocr-system' content='tesseract 3.04.00' />
  <meta name='ocr-capabilities' content='ocr_page ocr_carea ocr_par ocr_line ocrx_word'/>
</head>
<body>
  <div class='ocr_page' id='page_1' title='image "./statutaacademic00cambgoog_0633.png"; bbox 0 0 1192 1583; ppageno 0'>
   <div class='ocr_carea' id='block_1_1' title="bbox 266 12 1034 414">
    <p class='ocr_par' dir='ltr' id='par_1_1' title="bbox 266 12 1034 414">
     <span class='ocr_line' id='line_1_1' title="bbox 275 12 1029 45; baseline 0.001 -8"><span class='ocrx_word' id='word_1_1' title='bbox 275 20 295 38; x_wconf 84' lang='lat' dir='ltr'>et</span> <span class='ocrx_word' id='word_1_2' title='bbox 310 14 436 37; x_wconf 86' lang='lat' dir='ltr'>laudabiliter</span> <span class='ocrx_word' id='word_1_3' title='bbox 449 14 516 36; x_wconf 86' lang='lat' dir='ltr'>officio</span> <span class='ocrx_word' id='word_1_4' title='bbox 529 14 566 36; x_wconf 74' lang='lat' dir='ltr'>fibi</span> <span class='ocrx_word' id='word_1_5' title='bbox 580 13 683 36; x_wconf 85' lang='lat' dir='ltr'>commiffo</span> <span class='ocrx_word' id='word_1_6' title='bbox 697 13 811 42; x_wconf 82' lang='lat' dir='ltr'>fungantur</span> <span class='ocrx_word' id='word_1_7' title='bbox 824 18 845 36; x_wconf 87' lang='lat' dir='ltr'>et</span> <span class='ocrx_word' id='word_1_8' title='bbox 858 14 928 36; x_wconf 80' lang='lat' dir='ltr'>omnia</span> <span class='ocrx_word' id='word_1_9' title='bbox 936 12 984 43; x_wconf 72' lang='lat' dir='ltr'>qiiae</span> <span class='ocrx_word' id='word_1_10' title='bbox 992 23 1029 45; x_wconf 83' lang='lat' dir='ltr'>per</span> 
     </span>
     <span class='ocr_line' id='line_1_2' title="bbox 276 45 1029 73; baseline 0 -5"><span class='ocrx_word' id='word_1_11' title='bbox 276 47 352 69; x_wconf 82' lang='lat' dir='ltr'>statuta</span> <span class='ocrx_word' id='word_1_12' title='bbox 361 51 381 68; x_wconf 87' lang='lat' dir='ltr'>et</span> <span class='ocrx_word' id='word_1_13' title='bbox 391 45 500 67; x_wconf 75' lang='lat' dir='ltr'>laudabiles</span> <span class='ocrx_word' id='word_1_14' title='bbox 510 45 662 67; x_wconf 83' lang='lat' dir='ltr'>consuetudines</span> <span class='ocrx_word' id='word_1_15' title='bbox 672 45 750 73; x_wconf 86' lang='lat' dir='ltr'>collegii</span> <span class='ocrx_word' id='word_1_16' title='bbox 758 46 810 67; x_wconf 78' lang='lat' dir='ltr'>aulae</span> <span class='ocrx_word' id='word_1_17' title='bbox 817 46 848 66; x_wconf 86' lang='lat' dir='ltr'>vel</span> <span class='ocrx_word' id='word_1_18' title='bbox 854 46 928 67; x_wconf 78' lang='lat' dir='ltr'>domus</span> <span class='ocrx_word' id='word_1_19' title='bbox 935 46 971 68; x_wconf 79' lang='lat' dir='ltr'>fibi</span> <span class='ocrx_word' id='word_1_20' title='bbox 981 47 1029 70; x_wconf 84' lang='lat' dir='ltr'>sunt</span> 
     </span>
     <span class='ocr_line' id='line_1_3' title="bbox 276 76 1030 105; baseline 0 -5"><span class='ocrx_word' id='word_1_21' title='bbox 276 77 369 105; x_wconf 70' lang='lat' dir='ltr'>injuneta</span> <span class='ocrx_word' id='word_1_22' title='bbox 384 77 468 98; x_wconf 84' lang='lat' dir='ltr'>fideliter</span> <span class='ocrx_word' id='word_1_23' title='bbox 481 81 502 98; x_wconf 90' lang='lat' dir='ltr'>et</span> <span class='ocrx_word' id='word_1_24' title='bbox 515 76 622 104; x_wconf 84' lang='lat' dir='ltr'>diligenter</span> <span class='ocrx_word' id='word_1_25' title='bbox 635 81 769 104; x_wconf 81' lang='lat' dir='ltr'>exequantur.</span> <span class='ocrx_word' id='word_1_26' title='bbox 796 76 917 105; x_wconf 76' lang='lat' dir='ltr'>Praepofitus</span> <span class='ocrx_word' id='word_1_27' title='bbox 931 82 999 99; x_wconf 84' lang='lat' dir='ltr'>autem</span> <span class='ocrx_word' id='word_1_28' title='bbox 1009 83 1030 100; x_wconf 88' lang='lat' dir='ltr'>et</span> 
     </span>
     <span class='ocr_line' id='line_1_4' title="bbox 277 106 1030 137; baseline 0 -7"><span class='ocrx_word' id='word_1_29' title='bbox 277 108 448 137; x_wconf 83' lang='lat' dir='ltr'>vice-praepofitus</span> <span class='ocrx_word' id='word_1_30' title='bbox 457 114 480 128; x_wconf 89' lang='lat' dir='ltr'>ac</span> <span class='ocrx_word' id='word_1_31' title='bbox 493 107 563 128; x_wconf 85' lang='lat' dir='ltr'>decani</span> <span class='ocrx_word' id='word_1_32' title='bbox 573 106 610 135; x_wconf 86' lang='lat' dir='ltr'>qui</span> <span class='ocrx_word' id='word_1_33' title='bbox 619 106 665 128; x_wconf 86' lang='lat' dir='ltr'>sunt</span> <span class='ocrx_word' id='word_1_34' title='bbox 674 107 728 128; x_wconf 81' lang='lat' dir='ltr'>oculi</span> <span class='ocrx_word' id='word_1_35' title='bbox 737 107 838 135; x_wconf 75' lang='lat' dir='ltr'>praepofiti</span> <span class='ocrx_word' id='word_1_36' title='bbox 847 107 869 128; x_wconf 90' lang='lat' dir='ltr'>in</span> <span class='ocrx_word' id='word_1_37' title='bbox 878 107 950 135; x_wconf 77' lang='lat' dir='ltr'>primis</span> <span class='ocrx_word' id='word_1_38' title='bbox 962 109 1030 130; x_wconf 83' lang='lat' dir='ltr'>stude-</span> 
     </span>
     <span class='ocr_line' id='line_1_5' title="bbox 278 138 1031 167; baseline 0 -6"><span class='ocrx_word' id='word_1_39' title='bbox 278 144 315 161; x_wconf 75' lang='lat' dir='ltr'>ant</span> <span class='ocrx_word' id='word_1_40' title='bbox 329 144 350 160; x_wconf 91' lang='lat' dir='ltr'>et</span> <span class='ocrx_word' id='word_1_41' title='bbox 363 138 450 160; x_wconf 86' lang='lat' dir='ltr'>efficiant</span> <span class='ocrx_word' id='word_1_42' title='bbox 462 145 488 159; x_wconf 89' lang='lat' dir='ltr'>ne</span> <span class='ocrx_word' id='word_1_43' title='bbox 497 145 538 166; x_wconf 89' lang='lat' dir='ltr'>qua</span> <span class='ocrx_word' id='word_1_44' title='bbox 547 138 621 159; x_wconf 82' lang='lat' dir='ltr'>statuta</span> <span class='ocrx_word' id='word_1_45' title='bbox 631 138 709 166; x_wconf 81' lang='lat' dir='ltr'>collegii</span> <span class='ocrx_word' id='word_1_46' title='bbox 722 138 824 159; x_wconf 85' lang='lat' dir='ltr'>violentur</span> <span class='ocrx_word' id='word_1_47' title='bbox 833 145 882 159; x_wconf 86' lang='lat' dir='ltr'>neve</span> <span class='ocrx_word' id='word_1_48' title='bbox 891 139 1031 167; x_wconf 71' lang='lat' dir='ltr'>delinquentes</span> 
     </span>
     <span class='ocr_line' id='line_1_6' title="bbox 278 168 1029 198; baseline 0 -6"><span class='ocrx_word' id='word_1_49' title='bbox 278 169 377 198; x_wconf 84' lang='lat' dir='ltr'>impuniti</span> <span class='ocrx_word' id='word_1_50' title='bbox 391 174 508 190; x_wconf 85' lang='lat' dir='ltr'>remaneant</span> <span class='ocrx_word' id='word_1_51' title='bbox 522 173 559 189; x_wconf 88' lang='lat' dir='ltr'>aut</span> <span class='ocrx_word' id='word_1_52' title='bbox 572 168 645 189; x_wconf 80' lang='lat' dir='ltr'>desides</span> <span class='ocrx_word' id='word_1_53' title='bbox 654 168 676 189; x_wconf 93' lang='lat' dir='ltr'>in</span> <span class='ocrx_word' id='word_1_54' title='bbox 686 168 730 190; x_wconf 84' lang='lat' dir='ltr'>otio</span> <span class='ocrx_word' id='word_1_55' title='bbox 739 169 801 190; x_wconf 79' lang='lat' dir='ltr'>vitam</span> <span class='ocrx_word' id='word_1_56' title='bbox 812 169 915 197; x_wconf 83' lang='lat' dir='ltr'>agant-sed</span> <span class='ocrx_word' id='word_1_57' title='bbox 924 174 948 190; x_wconf 86' lang='lat' dir='ltr'>ut</span> <span class='ocrx_word' id='word_1_58' title='bbox 958 177 1029 192; x_wconf 81' lang='lat' dir='ltr'>omnes</span> 
     </span>
     <span class='ocr_line' id='line_1_7' title="bbox 280 199 1031 228; baseline 0.001 -6"><span class='ocrx_word' id='word_1_59' title='bbox 280 201 302 222; x_wconf 84' lang='lat' dir='ltr'>in</span> <span class='ocrx_word' id='word_1_60' title='bbox 317 201 421 222; x_wconf 83' lang='lat' dir='ltr'>literarum</span> <span class='ocrx_word' id='word_1_61' title='bbox 431 199 500 221; x_wconf 73' lang='lat' dir='ltr'>studiis</span> <span class='ocrx_word' id='word_1_62' title='bbox 515 204 535 220; x_wconf 82' lang='lat' dir='ltr'>et</span> <span class='ocrx_word' id='word_1_63' title='bbox 550 199 572 220; x_wconf 88' lang='lat' dir='ltr'>in</span> <span class='ocrx_word' id='word_1_64' title='bbox 591 199 646 220; x_wconf 66' lang='lat' dir='ltr'>reeta</span> <span class='ocrx_word' id='word_1_65' title='bbox 661 199 764 227; x_wconf 84' lang='lat' dir='ltr'>disciplina</span> <span class='ocrx_word' id='word_1_66' title='bbox 778 206 801 220; x_wconf 87' lang='lat' dir='ltr'>ac</span> <span class='ocrx_word' id='word_1_67' title='bbox 817 199 908 221; x_wconf 81' lang='lat' dir='ltr'>moribus</span> <span class='ocrx_word' id='word_1_68' title='bbox 916 200 1031 228; x_wconf 82' lang='lat' dir='ltr'>plurimum</span> 
     </span>
     <span class='ocr_line' id='line_1_8' title="bbox 280 229 1032 260; baseline 0 -8"><span class='ocrx_word' id='word_1_69' title='bbox 280 231 394 260; x_wconf 84' lang='lat' dir='ltr'>proficiant.</span> <span class='ocrx_word' id='word_1_70' title='bbox 423 231 485 257; x_wconf 85' lang='lat' dir='ltr'>Qod</span> <span class='ocrx_word' id='word_1_71' title='bbox 500 230 514 251; x_wconf 81' lang='lat' dir='ltr'>fi</span> <span class='ocrx_word' id='word_1_72' title='bbox 524 229 642 258; x_wconf 82' lang='lat' dir='ltr'>praepofitus</span> <span class='ocrx_word' id='word_1_73' title='bbox 652 230 683 251; x_wconf 88' lang='lat' dir='ltr'>vel</span> <span class='ocrx_word' id='word_1_74' title='bbox 692 230 765 258; x_wconf 77' lang='lat' dir='ltr'>aliquis</span> <span class='ocrx_word' id='word_1_75' title='bbox 775 237 799 251; x_wconf 85' lang='lat' dir='ltr'>ex</span> <span class='ocrx_word' id='word_1_76' title='bbox 807 230 909 258; x_wconf 75' lang='lat' dir='ltr'>praemiffis</span> <span class='ocrx_word' id='word_1_77' title='bbox 919 231 986 253; x_wconf 85' lang='lat' dir='ltr'>officio</span> <span class='ocrx_word' id='word_1_78' title='bbox 996 232 1032 253; x_wconf 75' lang='lat' dir='ltr'>suo</span> 
     </span>
     <span class='ocr_line' id='line_1_9' title="bbox 280 260 1033 290; baseline 0.001 -7"><span class='ocrx_word' id='word_1_79' title='bbox 280 262 366 283; x_wconf 81' lang='lat' dir='ltr'>defuerit</span> <span class='ocrx_word' id='word_1_80' title='bbox 381 268 462 290; x_wconf 87' lang='lat' dir='ltr'>poenam</span> <span class='ocrx_word' id='word_1_81' title='bbox 475 268 521 289; x_wconf 77' lang='lat' dir='ltr'>quae</span> <span class='ocrx_word' id='word_1_82' title='bbox 536 261 559 282; x_wconf 91' lang='lat' dir='ltr'>in</span> <span class='ocrx_word' id='word_1_83' title='bbox 568 261 643 282; x_wconf 83' lang='lat' dir='ltr'>statuto</span> <span class='ocrx_word' id='word_1_84' title='bbox 653 260 769 282; x_wconf 79' lang='lat' dir='ltr'>continetur</span> <span class='ocrx_word' id='word_1_85' title='bbox 777 261 817 282; x_wconf 78' lang='lat' dir='ltr'>sine</span> <span class='ocrx_word' id='word_1_86' title='bbox 827 262 868 282; x_wconf 84' lang='lat' dir='ltr'>ulla</span> <span class='ocrx_word' id='word_1_87' title='bbox 878 261 991 283; x_wconf 79' lang='lat' dir='ltr'>remissione</span> <span class='ocrx_word' id='word_1_88' title='bbox 999 263 1033 284; x_wconf 85' lang='lat' dir='ltr'>in-</span> 
     </span>
     <span class='ocr_line' id='line_1_10' title="bbox 281 291 1033 320; baseline 0.001 -6"><span class='ocrx_word' id='word_1_89' title='bbox 281 297 357 314; x_wconf 83' lang='lat' dir='ltr'>currat.</span> <span class='ocrx_word' id='word_1_90' title='bbox 385 291 492 313; x_wconf 80' lang='lat' dir='ltr'>Inferiores</span> <span class='ocrx_word' id='word_1_91' title='bbox 509 298 555 312; x_wconf 85' lang='lat' dir='ltr'>vero</span> <span class='ocrx_word' id='word_1_92' title='bbox 573 298 584 312; x_wconf 87' lang='lat' dir='ltr'>a</span> <span class='ocrx_word' id='word_1_93' title='bbox 598 291 705 320; x_wconf 79' lang='lat' dir='ltr'>praepofito</span> <span class='ocrx_word' id='word_1_94' title='bbox 724 291 809 313; x_wconf 84' lang='lat' dir='ltr'>ministri</span> <span class='ocrx_word' id='word_1_95' title='bbox 823 291 860 319; x_wconf 88' lang='lat' dir='ltr'>qui</span> <span class='ocrx_word' id='word_1_96' title='bbox 877 292 998 320; x_wconf 84' lang='lat' dir='ltr'>deliquerint</span> <span class='ocrx_word' id='word_1_97' title='bbox 1018 293 1033 315; x_wconf 79' lang='lat' dir='ltr'>si</span> 
     </span>
     <span class='ocr_line' id='line_1_11' title="bbox 281 322 1034 353; baseline 0.001 -8"><span class='ocrx_word' id='word_1_98' title='bbox 281 331 342 353; x_wconf 86' lang='lat' dir='ltr'>poena</span> <span class='ocrx_word' id='word_1_99' title='bbox 356 330 426 344; x_wconf 82' lang='lat' dir='ltr'>eorum</span> <span class='ocrx_word' id='word_1_100' title='bbox 436 322 512 344; x_wconf 74' lang='lat' dir='ltr'>deliffis</span> <span class='ocrx_word' id='word_1_101' title='bbox 522 329 557 350; x_wconf 89' lang='lat' dir='ltr'>per</span> <span class='ocrx_word' id='word_1_102' title='bbox 567 322 641 343; x_wconf 79' lang='lat' dir='ltr'>statuta</span> <span class='ocrx_word' id='word_1_103' title='bbox 655 329 698 344; x_wconf 88' lang='lat' dir='ltr'>non</span> <span class='ocrx_word' id='word_1_104' title='bbox 706 322 733 344; x_wconf 84' lang='lat' dir='ltr'>est</span> <span class='ocrx_word' id='word_1_105' title='bbox 743 322 853 344; x_wconf 83' lang='lat' dir='ltr'>constituta</span> <span class='ocrx_word' id='word_1_106' title='bbox 862 322 923 351; x_wconf 77' lang='lat' dir='ltr'>ipsius</span> <span class='ocrx_word' id='word_1_107' title='bbox 931 324 1034 352; x_wconf 83' lang='lat' dir='ltr'>praepofiti</span> 
     </span>
     <span class='ocr_line' id='line_1_12' title="bbox 282 353 1032 383; baseline 0.001 -8"><span class='ocrx_word' id='word_1_108' title='bbox 282 353 367 376; x_wconf 82' lang='lat' dir='ltr'>arbitrio</span> <span class='ocrx_word' id='word_1_109' title='bbox 375 360 412 382; x_wconf 84' lang='lat' dir='ltr'>per</span> <span class='ocrx_word' id='word_1_110' title='bbox 421 353 576 374; x_wconf 74' lang='lat' dir='ltr'>subtraffionem</span> <span class='ocrx_word' id='word_1_111' title='bbox 586 353 718 381; x_wconf 83' lang='lat' dir='ltr'>pecuniarum</span> <span class='ocrx_word' id='word_1_112' title='bbox 728 357 748 374; x_wconf 92' lang='lat' dir='ltr'>et</span> <span class='ocrx_word' id='word_1_113' title='bbox 757 353 805 374; x_wconf 83' lang='lat' dir='ltr'>alias</span> <span class='ocrx_word' id='word_1_114' title='bbox 814 360 884 382; x_wconf 81' lang='lat' dir='ltr'>poenas</span> <span class='ocrx_word' id='word_1_115' title='bbox 895 359 956 382; x_wconf 86' lang='lat' dir='ltr'>prout</span> <span class='ocrx_word' id='word_1_116' title='bbox 965 355 1032 383; x_wconf 85' lang='lat' dir='ltr'>gravi-</span> 
     </span>
     <span class='ocr_line' id='line_1_13' title="bbox 266 384 1034 414; baseline 0.001 -7"><span class='ocrx_word' id='word_1_117' title='bbox 266 412 268 414; x_wconf 22' lang='lat'>&gt;</span> <span class='ocrx_word' id='word_1_118' title='bbox 282 390 314 407; x_wconf 84' lang='lat' dir='ltr'>tas</span> <span class='ocrx_word' id='word_1_119' title='bbox 329 384 414 406; x_wconf 79' lang='lat' dir='ltr'>excessus</span> <span class='ocrx_word' id='word_1_120' title='bbox 432 384 542 412; x_wconf 74' lang='lat' dir='ltr'>requisierit</span> <span class='ocrx_word' id='word_1_121' title='bbox 557 389 693 405; x_wconf 83' lang='lat' dir='ltr'>coerceantur.</span> <span class='ocrx_word' id='word_1_122' title='bbox 725 384 746 405; x_wconf 89' lang='lat' dir='ltr'>Si</span> <span class='ocrx_word' id='word_1_123' title='bbox 762 391 809 405; x_wconf 86' lang='lat' dir='ltr'>vero</span> <span class='ocrx_word' id='word_1_124' title='bbox 821 384 938 413; x_wconf 77' lang='lat' dir='ltr'>praepofitus</span> <span class='ocrx_word' id='word_1_125' title='bbox 955 385 996 414; x_wconf 90' lang='lat' dir='ltr'>ipse</span> <span class='ocrx_word' id='word_1_126' title='bbox 1011 386 1034 408; x_wconf 86' lang='lat' dir='ltr'>in</span> 
     </span>
    </p>
   </div>
   <div class='ocr_carea' id='block_1_2' title="bbox 282 414 1034 474">
    <p class='ocr_par' dir='ltr' id='par_1_2' title="bbox 282 414 1034 474">
     <span class='ocr_line' id='line_1_14' title="bbox 283 414 1034 443; baseline 0.004 -7"><span class='ocrx_word' id='word_1_127' title='bbox 283 416 344 443; x_wconf 81' lang='lat' dir='ltr'>culpa</span> <span class='ocrx_word' id='word_1_128' title='bbox 357 415 419 436; x_wconf 85' lang='lat' dir='ltr'>fuerit</span> <span class='ocrx_word' id='word_1_129' title='bbox 433 422 468 443; x_wconf 87' lang='lat' dir='ltr'>per</span> <span class='ocrx_word' id='word_1_130' title='bbox 481 414 601 436; x_wconf 81' lang='lat' dir='ltr'>visitatorem</span> <span class='ocrx_word' id='word_1_131' title='bbox 611 415 689 443; x_wconf 82' lang='lat' dir='ltr'>collegii</span> <span class='ocrx_word' id='word_1_132' title='bbox 703 415 803 443; x_wconf 78' lang='lat' dir='ltr'>puniatur</span> <span class='ocrx_word' id='word_1_133' title='bbox 811 420 831 437; x_wconf 80' lang='lat' dir='ltr'>et</span> <span class='ocrx_word' id='word_1_134' title='bbox 840 416 865 437; x_wconf 80' lang='lat' dir='ltr'>ad</span> <span class='ocrx_word' id='word_1_135' title='bbox 874 415 964 438; x_wconf 83' lang='lat' dir='ltr'>officium</span> <span class='ocrx_word' id='word_1_136' title='bbox 975 417 1034 439; x_wconf 85' lang='lat' dir='ltr'>suum</span> 
     </span>
     <span class='ocr_line' id='line_1_15' title="bbox 282 445 636 474; baseline -0.003 -7"><span class='ocrx_word' id='word_1_137' title='bbox 282 446 349 468; x_wconf 86' lang='lat' dir='ltr'>debite</span> <span class='ocrx_word' id='word_1_138' title='bbox 359 445 486 474; x_wconf 81' lang='lat' dir='ltr'>fungendum</span> <span class='ocrx_word' id='word_1_139' title='bbox 495 445 636 474; x_wconf 85' lang='lat' dir='ltr'>compellatur.</span> 
     </span>
    </p>
   </div>
   <div class='ocr_carea' id='block_1_3' title="bbox 563 511 758 589">
    <p class='ocr_par' dir='ltr' id='par_1_3' title="bbox 563 511 758 589">
     <span class='ocr_line' id='line_1_16' title="bbox 563 511 758 540; baseline 0.01 -8"><span class='ocrx_word' id='word_1_140' title='bbox 563 513 597 534; x_wconf 83' lang='lat' dir='ltr'>De</span> <span class='ocrx_word' id='word_1_141' title='bbox 610 511 681 533; x_wconf 57' lang='lat' dir='ltr'>‘avinis</span> <span class='ocrx_word' id='word_1_142' title='bbox 689 512 758 540; x_wconf 73' lang='lat' dir='ltr'>qffi&#39;ciis.</span> 
     </span>
     <span class='ocr_line' id='line_1_17' title="bbox 586 568 741 589; baseline 0 -1"><span class='ocrx_word' id='word_1_143' title='bbox 586 568 604 588; x_wconf 91' lang='lat' dir='ltr'>C</span> <span class='ocrx_word' id='word_1_144' title='bbox 619 569 638 588; x_wconf 90' lang='lat' dir='ltr'>A</span> <span class='ocrx_word' id='word_1_145' title='bbox 652 568 676 588; x_wconf 87' lang='lat' dir='ltr'>P.</span> <span class='ocrx_word' id='word_1_146' title='bbox 704 568 741 589; x_wconf 87' lang='lat' dir='ltr'>VI.</span> 
     </span>
    </p>
   </div>
   <div class='ocr_carea' id='block_1_4' title="bbox 266 622 1046 1204">
    <p class='ocr_par' dir='ltr' id='par_1_4' title="bbox 266 622 1046 1204">
     <span class='ocr_line' id='line_1_18' title="bbox 286 622 1038 677; baseline 0.003 -32"><span class='ocrx_word' id='word_1_147' title='bbox 286 623 421 677; x_wconf 81' lang='lat' dir='ltr'>MISSAE</span> <span class='ocrx_word' id='word_1_148' title='bbox 428 623 516 651; x_wconf 76' lang='lat' dir='ltr'>exequiae</span> <span class='ocrx_word' id='word_1_149' title='bbox 523 627 545 644; x_wconf 87' lang='lat' dir='ltr'>et</span> <span class='ocrx_word' id='word_1_150' title='bbox 551 622 590 644; x_wconf 77' lang='lat' dir='ltr'>alia</span> <span class='ocrx_word' id='word_1_151' title='bbox 595 622 663 644; x_wconf 82' lang='lat' dir='ltr'>divina</span> <span class='ocrx_word' id='word_1_152' title='bbox 670 622 736 644; x_wconf 83' lang='lat' dir='ltr'>officia</span> <span class='ocrx_word' id='word_1_153' title='bbox 741 629 776 651; x_wconf 87' lang='lat' dir='ltr'>per</span> <span class='ocrx_word' id='word_1_154' title='bbox 781 622 899 645; x_wconf 82' lang='lat' dir='ltr'>fundatores</span> <span class='ocrx_word' id='word_1_155' title='bbox 906 624 1038 653; x_wconf 84' lang='lat' dir='ltr'>collegiorum</span> 
     </span>
     <span class='ocr_line' id='line_1_19' title="bbox 370 653 1038 680; baseline 0.001 -4"><span class='ocrx_word' id='word_1_156' title='bbox 370 655 464 676; x_wconf 82' lang='lat' dir='ltr'>aularum</span> <span class='ocrx_word' id='word_1_157' title='bbox 484 654 516 675; x_wconf 88' lang='lat' dir='ltr'>vel</span> <span class='ocrx_word' id='word_1_158' title='bbox 529 654 637 675; x_wconf 82' lang='lat' dir='ltr'>domorum</span> <span class='ocrx_word' id='word_1_159' title='bbox 652 653 709 680; x_wconf 81' lang='lat' dir='ltr'>iuxta</span> <span class='ocrx_word' id='word_1_160' title='bbox 722 653 867 675; x_wconf 84' lang='lat' dir='ltr'>fundationum</span> <span class='ocrx_word' id='word_1_161' title='bbox 881 660 901 676; x_wconf 87' lang='lat' dir='ltr'>et</span> <span class='ocrx_word' id='word_1_162' title='bbox 915 655 1038 677; x_wconf 85' lang='lat' dir='ltr'>statutorum</span> 
     </span>
     <span class='ocr_line' id='line_1_20' title="bbox 266 684 1038 715; baseline 0.003 -9"><span class='ocrx_word' id='word_1_163' title='bbox 266 708 268 710; x_wconf 67' lang='grc'><strong>,</strong></span> <span class='ocrx_word' id='word_1_164' title='bbox 286 685 376 707; x_wconf 68' lang='lat' dir='ltr'>formam</span> <span class='ocrx_word' id='word_1_165' title='bbox 391 685 451 712; x_wconf 83' lang='lat' dir='ltr'>digne</span> <span class='ocrx_word' id='word_1_166' title='bbox 459 689 480 705; x_wconf 84' lang='lat' dir='ltr'>et</span> <span class='ocrx_word' id='word_1_167' title='bbox 489 684 616 705; x_wconf 84' lang='lat' dir='ltr'>laudabiliter</span> <span class='ocrx_word' id='word_1_168' title='bbox 622 685 747 705; x_wconf 85' lang='lat' dir='ltr'>celebrentur</span> <span class='ocrx_word' id='word_1_169' title='bbox 756 691 793 706; x_wconf 87' lang='lat' dir='ltr'>nec</span> <span class='ocrx_word' id='word_1_170' title='bbox 807 685 902 707; x_wconf 69' lang='lat' dir='ltr'>ea&#39;ullius</span> <span class='ocrx_word' id='word_1_171' title='bbox 913 686 975 708; x_wconf 82' lang='lat' dir='ltr'>causae</span> <span class='ocrx_word' id='word_1_172' title='bbox 986 694 1038 715; x_wconf 76' lang='lat' dir='ltr'>pra:-</span> 
     </span>
     <span class='ocr_line' id='line_1_21' title="bbox 288 715 1039 746; baseline 0.004 -10"><span class='ocrx_word' id='word_1_173' title='bbox 288 719 347 736; x_wconf 74' lang='lat' dir='ltr'>textu</span> <span class='ocrx_word' id='word_1_174' title='bbox 361 715 429 736; x_wconf 83' lang='lat' dir='ltr'>omitti</span> <span class='ocrx_word' id='word_1_175' title='bbox 443 715 501 736; x_wconf 87' lang='lat' dir='ltr'>liceat</span> <span class='ocrx_word' id='word_1_176' title='bbox 514 715 581 743; x_wconf 72' lang='lat' dir='ltr'>eisque</span> <span class='ocrx_word' id='word_1_177' title='bbox 596 722 667 736; x_wconf 73' lang='lat' dir='ltr'>omnes</span> <span class='ocrx_word' id='word_1_178' title='bbox 681 715 717 743; x_wconf 90' lang='lat' dir='ltr'>qui</span> <span class='ocrx_word' id='word_1_179' title='bbox 730 715 818 737; x_wconf 78' lang='lat' dir='ltr'>interesse</span> <span class='ocrx_word' id='word_1_180' title='bbox 827 716 901 738; x_wconf 86' lang='lat' dir='ltr'>debent</span> <span class='ocrx_word' id='word_1_181' title='bbox 917 723 929 738; x_wconf 82' lang='lat' dir='ltr'>a</span> <span class='ocrx_word' id='word_1_182' title='bbox 937 717 1039 746; x_wconf 87' lang='lat' dir='ltr'>principio</span> 
     </span>
     <span class='ocr_line' id='line_1_22' title="bbox 288 745 1040 776; baseline 0.004 -10"><span class='ocrx_word' id='word_1_183' title='bbox 288 746 353 774; x_wconf 85' lang='lat' dir='ltr'>usque</span> <span class='ocrx_word' id='word_1_184' title='bbox 361 746 385 767; x_wconf 84' lang='lat' dir='ltr'>ad</span> <span class='ocrx_word' id='word_1_185' title='bbox 395 745 456 767; x_wconf 85' lang='lat' dir='ltr'>finem</span> <span class='ocrx_word' id='word_1_186' title='bbox 468 745 559 767; x_wconf 81' lang='lat' dir='ltr'>interfint</span> <span class='ocrx_word' id='word_1_187' title='bbox 569 750 589 766; x_wconf 87' lang='lat' dir='ltr'>et</span> <span class='ocrx_word' id='word_1_188' title='bbox 599 752 668 767; x_wconf 84' lang='lat' dir='ltr'>omnes</span> <span class='ocrx_word' id='word_1_189' title='bbox 678 750 761 767; x_wconf 83' lang='lat' dir='ltr'>cantent</span> <span class='ocrx_word' id='word_1_190' title='bbox 770 751 790 767; x_wconf 92' lang='lat' dir='ltr'>et</span> <span class='ocrx_word' id='word_1_191' title='bbox 799 746 869 768; x_wconf 80' lang='lat' dir='ltr'>omnia</span> <span class='ocrx_word' id='word_1_192' title='bbox 878 754 924 775; x_wconf 86' lang='lat' dir='ltr'>quae</span> <span class='ocrx_word' id='word_1_193' title='bbox 930 748 1040 776; x_wconf 78' lang='lat' dir='ltr'>specialiter</span> 
     </span>
     <span class='ocr_line' id='line_1_23' title="bbox 271 775 1039 806; baseline 0.004 -8"><span class='ocrx_word' id='word_1_194' title='bbox 271 802 273 805; x_wconf 35' lang='lat'><em>⁴</em></span> <span class='ocrx_word' id='word_1_195' title='bbox 289 777 312 798; x_wconf 91' lang='lat' dir='ltr'>in</span> <span class='ocrx_word' id='word_1_196' title='bbox 327 776 415 805; x_wconf 83' lang='lat' dir='ltr'>quadam</span> <span class='ocrx_word' id='word_1_197' title='bbox 430 781 480 798; x_wconf 79' lang='lat' dir='ltr'>nota</span> <span class='ocrx_word' id='word_1_198' title='bbox 496 776 554 804; x_wconf 87' lang='lat' dir='ltr'>super</span> <span class='ocrx_word' id='word_1_199' title='bbox 567 775 640 797; x_wconf 72' lang='lat' dir='ltr'>divinis</span> <span class='ocrx_word' id='word_1_200' title='bbox 654 776 725 797; x_wconf 84' lang='lat' dir='ltr'>officiis</span> <span class='ocrx_word' id='word_1_201' title='bbox 739 776 860 798; x_wconf 80' lang='lat' dir='ltr'>celebrandis</span> <span class='ocrx_word' id='word_1_202' title='bbox 869 784 935 806; x_wconf 84' lang='lat' dir='ltr'>nuper</span> <span class='ocrx_word' id='word_1_203' title='bbox 942 779 1039 801; x_wconf 80' lang='lat' dir='ltr'>omnibus</span> 
     </span>
     <span class='ocr_line' id='line_1_24' title="bbox 287 806 1041 838; baseline 0.003 -9"><span class='ocrx_word' id='word_1_204' title='bbox 287 808 378 836; x_wconf 73' lang='lat' dir='ltr'>collegiis</span> <span class='ocrx_word' id='word_1_205' title='bbox 396 807 485 828; x_wconf 82' lang='lat' dir='ltr'>exhibita</span> <span class='ocrx_word' id='word_1_206' title='bbox 501 806 633 828; x_wconf 85' lang='lat' dir='ltr'>continentur</span> <span class='ocrx_word' id='word_1_207' title='bbox 649 806 724 828; x_wconf 80' lang='lat' dir='ltr'>faciant</span> <span class='ocrx_word' id='word_1_208' title='bbox 737 811 758 828; x_wconf 89' lang='lat' dir='ltr'>et</span> <span class='ocrx_word' id='word_1_209' title='bbox 777 812 909 835; x_wconf 81' lang='lat' dir='ltr'>exequantur.</span> <span class='ocrx_word' id='word_1_210' title='bbox 937 810 1041 838; x_wconf 79' lang='lat' dir='ltr'>Imprimis</span> 
     </span>
     <span class='ocr_line' id='line_1_25' title="bbox 290 837 1041 869; baseline 0 -10"><span class='ocrx_word' id='word_1_211' title='bbox 290 843 359 859; x_wconf 89' lang='lat' dir='ltr'>autem</span> <span class='ocrx_word' id='word_1_212' title='bbox 377 837 432 859; x_wconf 85' lang='lat' dir='ltr'>miss&#39;a</span> <span class='ocrx_word' id='word_1_213' title='bbox 449 837 573 859; x_wconf 77' lang='lat' dir='ltr'>matutinalis</span> <span class='ocrx_word' id='word_1_214' title='bbox 584 837 606 858; x_wconf 93' lang='lat' dir='ltr'>in</span> <span class='ocrx_word' id='word_1_215' title='bbox 616 837 707 865; x_wconf 83' lang='lat' dir='ltr'>quolibet</span> <span class='ocrx_word' id='word_1_216' title='bbox 715 837 800 865; x_wconf 79' lang='lat' dir='ltr'>collegio</span> <span class='ocrx_word' id='word_1_217' title='bbox 813 838 836 859; x_wconf 83' lang='lat' dir='ltr'>in</span> <span class='ocrx_word' id='word_1_218' title='bbox 849 846 892 867; x_wconf 87' lang='lat' dir='ltr'>quo</span> <span class='ocrx_word' id='word_1_219' title='bbox 906 845 979 868; x_wconf 86' lang='lat' dir='ltr'>praeter</span> <span class='ocrx_word' id='word_1_220' title='bbox 987 848 1041 869; x_wconf 56' lang='grc' dir='ltr'>Ρη.</span> 
     </span>
     <span class='ocr_line' id='line_1_26' title="bbox 283 868 1042 899; baseline 0.005 -10"><span class='ocrx_word' id='word_1_221' title='bbox 283 868 380 897; x_wconf 81' lang='lat' dir='ltr'>&#39;pofiturn</span> <span class='ocrx_word' id='word_1_222' title='bbox 390 873 429 889; x_wconf 78' lang='lat' dir='ltr'>tres</span> <span class='ocrx_word' id='word_1_223' title='bbox 439 868 485 889; x_wconf 88' lang='lat' dir='ltr'>sunt</span> <span class='ocrx_word' id='word_1_224' title='bbox 492 868 599 889; x_wconf 84' lang='lat' dir='ltr'>sacerdotes</span> <span class='ocrx_word' id='word_1_225' title='bbox 606 868 687 896; x_wconf 78' lang='lat' dir='ltr'>lingulis</span> <span class='ocrx_word' id='word_1_226' title='bbox 696 869 766 889; x_wconf 82' lang='lat' dir='ltr'>diebus</span> <span class='ocrx_word' id='word_1_227' title='bbox 775 869 828 890; x_wconf 88' lang='lat' dir='ltr'>inter</span> <span class='ocrx_word' id='word_1_228' title='bbox 836 869 908 891; x_wconf 85' lang='lat' dir='ltr'>horam</span> <span class='ocrx_word' id='word_1_229' title='bbox 917 871 1013 899; x_wconf 82' lang='lat' dir='ltr'>quintam</span> <span class='ocrx_word' id='word_1_230' title='bbox 1021 876 1042 893; x_wconf 91' lang='lat' dir='ltr'>et</span> 
     </span>
     <span class='ocr_line' id='line_1_27' title="bbox 292 899 1042 929; baseline 0.005 -8"><span class='ocrx_word' id='word_1_231' title='bbox 292 899 367 921; x_wconf 84' lang='lat' dir='ltr'>sextam</span> <span class='ocrx_word' id='word_1_232' title='bbox 381 899 491 921; x_wconf 83' lang='lat' dir='ltr'>celebretur</span> <span class='ocrx_word' id='word_1_233' title='bbox 505 899 539 920; x_wconf 89' lang='lat' dir='ltr'>cui</span> <span class='ocrx_word' id='word_1_234' title='bbox 553 905 622 920; x_wconf 75' lang='lat' dir='ltr'>omnes</span> <span class='ocrx_word' id='word_1_235' title='bbox 638 899 695 926; x_wconf 84' lang='lat' dir='ltr'>juxta</span> <span class='ocrx_word' id='word_1_236' title='bbox 708 899 831 921; x_wconf 87' lang='lat' dir='ltr'>statutorum</span> <span class='ocrx_word' id='word_1_237' title='bbox 844 900 927 929; x_wconf 84' lang='lat' dir='ltr'>desuper</span> <span class='ocrx_word' id='word_1_238' title='bbox 940 902 1042 925; x_wconf 76' lang='lat' dir='ltr'>editorum</span> 
     </span>
     <span class='ocr_line' id='line_1_28' title="bbox 292 929 1042 961; baseline 0.004 -9"><span class='ocrx_word' id='word_1_239' title='bbox 292 930 380 952; x_wconf 77' lang='lat' dir='ltr'>formam</span> <span class='ocrx_word' id='word_1_240' title='bbox 395 929 493 951; x_wconf 77' lang='lat' dir='ltr'>intersint.</span> <span class='ocrx_word' id='word_1_241' title='bbox 521 931 590 957; x_wconf 89' lang='lat' dir='ltr'>Atque</span> <span class='ocrx_word' id='word_1_242' title='bbox 607 930 642 950; x_wconf 89' lang='lat' dir='ltr'>ubi</span> <span class='ocrx_word' id='word_1_243' title='bbox 656 930 730 951; x_wconf 84' lang='lat' dir='ltr'>statuta</span> <span class='ocrx_word' id='word_1_244' title='bbox 743 930 795 952; x_wconf 86' lang='lat' dir='ltr'>nihil</span> <span class='ocrx_word' id='word_1_245' title='bbox 809 931 833 951; x_wconf 87' lang='lat' dir='ltr'>de</span> <span class='ocrx_word' id='word_1_246' title='bbox 847 931 884 952; x_wconf 86' lang='lat' dir='ltr'>bac</span> <span class='ocrx_word' id='word_1_247' title='bbox 898 939 920 953; x_wconf 86' lang='lat' dir='ltr'>re</span> <span class='ocrx_word' id='word_1_248' title='bbox 932 933 1042 961; x_wconf 77' lang='lat' dir='ltr'>specialiter</span> 
     </span>
     <span class='ocr_line' id='line_1_29' title="bbox 293 960 1041 990; baseline 0.007 -9"><span class='ocrx_word' id='word_1_249' title='bbox 293 960 425 990; x_wconf 73' lang='lat' dir='ltr'>praestribunt</span> <span class='ocrx_word' id='word_1_250' title='bbox 440 960 573 981; x_wconf 78' lang='lat' dir='ltr'>nihilominus</span> <span class='ocrx_word' id='word_1_251' title='bbox 590 961 650 981; x_wconf 80' lang='lat' dir='ltr'>etiarn</span> <span class='ocrx_word' id='word_1_252' title='bbox 668 961 737 981; x_wconf 88' lang='lat' dir='ltr'>eadem</span> <span class='ocrx_word' id='word_1_253' title='bbox 751 961 807 982; x_wconf 86' lang='lat' dir='ltr'>miffa</span> <span class='ocrx_word' id='word_1_254' title='bbox 820 962 930 984; x_wconf 83' lang='lat' dir='ltr'>celebretur</span> <span class='ocrx_word' id='word_1_255' title='bbox 938 968 958 984; x_wconf 88' lang='lat' dir='ltr'>et</span> <span class='ocrx_word' id='word_1_256' title='bbox 969 971 1041 986; x_wconf 68' lang='lat' dir='ltr'>omnes</span> 
     </span>
     <span class='ocr_line' id='line_1_30' title="bbox 293 990 1043 1019; baseline 0.005 -6"><span class='ocrx_word' id='word_1_257' title='bbox 293 991 428 1014; x_wconf 81' lang='lat' dir='ltr'>sacerdotibus</span> <span class='ocrx_word' id='word_1_258' title='bbox 447 990 534 1019; x_wconf 81' lang='lat' dir='ltr'>exceptis</span> <span class='ocrx_word' id='word_1_259' title='bbox 553 991 617 1011; x_wconf 85' lang='lat' dir='ltr'>eidem</span> <span class='ocrx_word' id='word_1_260' title='bbox 637 991 734 1012; x_wconf 73' lang='lat' dir='ltr'>intersint.</span> <span class='ocrx_word' id='word_1_261' title='bbox 772 993 885 1014; x_wconf 79' lang='lat' dir='ltr'>Sacerdotes</span> <span class='ocrx_word' id='word_1_262' title='bbox 908 998 977 1016; x_wconf 84' lang='lat' dir='ltr'>autem</span> <span class='ocrx_word' id='word_1_263' title='bbox 999 996 1043 1017; x_wconf 85' lang='lat' dir='ltr'>col-</span> 
     </span>
     <span class='ocr_line' id='line_1_31' title="bbox 280 1021 1043 1054; baseline 0.007 -11"><span class='ocrx_word' id='word_1_264' title='bbox 280 1034 283 1036; x_wconf 41' lang='lat'>*</span> <span class='ocrx_word' id='word_1_265' title='bbox 293 1022 393 1051; x_wconf 80' lang='lat' dir='ltr'>legiorum</span> <span class='ocrx_word' id='word_1_266' title='bbox 407 1022 436 1043; x_wconf 79' lang='lat' dir='ltr'>ita</span> <span class='ocrx_word' id='word_1_267' title='bbox 445 1027 480 1050; x_wconf 86' lang='lat' dir='ltr'>per</span> <span class='ocrx_word' id='word_1_268' title='bbox 487 1021 538 1042; x_wconf 80' lang='lat' dir='ltr'>vices</span> <span class='ocrx_word' id='word_1_269' title='bbox 547 1022 701 1043; x_wconf 84' lang='lat' dir='ltr'>celebrationem</span> <span class='ocrx_word' id='word_1_270' title='bbox 715 1021 816 1044; x_wconf 76' lang='lat' dir='ltr'>miffar-um</span> <span class='ocrx_word' id='word_1_271' title='bbox 826 1023 933 1051; x_wconf 84' lang='lat' dir='ltr'>disponant</span> <span class='ocrx_word' id='word_1_272' title='bbox 942 1030 965 1046; x_wconf 87' lang='lat' dir='ltr'>ut</span> <span class='ocrx_word' id='word_1_273' title='bbox 975 1026 1043 1054; x_wconf 91' lang='lat' dir='ltr'>quoli-</span> 
     </span>
     <span class='ocr_line' id='line_1_32' title="bbox 295 1051 1044 1080; baseline 0.005 -5"><span class='ocrx_word' id='word_1_274' title='bbox 295 1054 330 1075; x_wconf 86' lang='lat' dir='ltr'>bet</span> <span class='ocrx_word' id='word_1_275' title='bbox 341 1053 373 1074; x_wconf 88' lang='lat' dir='ltr'>die</span> <span class='ocrx_word' id='word_1_276' title='bbox 388 1052 443 1073; x_wconf 85' lang='lat' dir='ltr'>miffa</span> <span class='ocrx_word' id='word_1_277' title='bbox 462 1051 574 1080; x_wconf 70' lang='lat' dir='ltr'>supradicta</span> <span class='ocrx_word' id='word_1_278' title='bbox 588 1053 704 1073; x_wconf 83' lang='lat' dir='ltr'>celebretur.</span> <span class='ocrx_word' id='word_1_279' title='bbox 733 1053 776 1080; x_wconf 85' lang='lat' dir='ltr'>Qi</span> <span class='ocrx_word' id='word_1_280' title='bbox 790 1054 869 1075; x_wconf 87' lang='lat' dir='ltr'>veroin</span> <span class='ocrx_word' id='word_1_281' title='bbox 879 1054 987 1078; x_wconf 83' lang='lat' dir='ltr'>sacerdotio</span> <span class='ocrx_word' id='word_1_282' title='bbox 996 1057 1044 1079; x_wconf 90' lang='lat' dir='ltr'>sunt</span> 
     </span>
     <span class='ocr_line' id='line_1_33' title="bbox 296 1082 1045 1112; baseline 0.005 -7"><span class='ocrx_word' id='word_1_283' title='bbox 296 1083 401 1105; x_wconf 82' lang='lat' dir='ltr'>constituti</span> <span class='ocrx_word' id='word_1_284' title='bbox 410 1082 487 1104; x_wconf 78' lang='lat' dir='ltr'>miffam</span> <span class='ocrx_word' id='word_1_285' title='bbox 498 1083 537 1104; x_wconf 81' lang='lat' dir='ltr'>alia</span> <span class='ocrx_word' id='word_1_286' title='bbox 546 1083 598 1104; x_wconf 86' lang='lat' dir='ltr'>hora</span> <span class='ocrx_word' id='word_1_287' title='bbox 608 1084 639 1104; x_wconf 89' lang='lat' dir='ltr'>vel</span> <span class='ocrx_word' id='word_1_288' title='bbox 650 1084 696 1104; x_wconf 90' lang='lat' dir='ltr'>loco</span> <span class='ocrx_word' id='word_1_289' title='bbox 710 1089 771 1112; x_wconf 88' lang='lat' dir='ltr'>prout</span> <span class='ocrx_word' id='word_1_290' title='bbox 785 1084 849 1112; x_wconf 80' lang='lat' dir='ltr'>magis</span> <span class='ocrx_word' id='word_1_291' title='bbox 863 1084 899 1107; x_wconf 86' lang='lat' dir='ltr'>fibi</span> <span class='ocrx_word' id='word_1_292' title='bbox 912 1086 1045 1110; x_wconf 76' lang='lat' dir='ltr'>&#39;commodum</span> 
     </span>
     <span class='ocr_line' id='line_1_34' title="bbox 296 1113 1045 1144; baseline 0.007 -9"><span class='ocrx_word' id='word_1_293' title='bbox 296 1114 358 1136; x_wconf 80' lang='lat' dir='ltr'>fuerit</span> <span class='ocrx_word' id='word_1_294' title='bbox 372 1114 403 1135; x_wconf 92' lang='lat' dir='ltr'>vel</span> <span class='ocrx_word' id='word_1_295' title='bbox 416 1113 515 1135; x_wconf 87' lang='lat' dir='ltr'>celebrent</span> <span class='ocrx_word' id='word_1_296' title='bbox 529 1114 559 1134; x_wconf 91' lang='lat' dir='ltr'>vel</span> <span class='ocrx_word' id='word_1_297' title='bbox 573 1113 663 1135; x_wconf 81' lang='lat' dir='ltr'>audiant.</span> <span class='ocrx_word' id='word_1_298' title='bbox 691 1114 753 1141; x_wconf 79' lang='lat' dir='ltr'>Qiod</span> <span class='ocrx_word' id='word_1_299' title='bbox 771 1114 785 1135; x_wconf 84' lang='lat' dir='ltr'>fi</span> <span class='ocrx_word' id='word_1_300' title='bbox 800 1115 886 1137; x_wconf 79' lang='lat' dir='ltr'>sacerdos</span> <span class='ocrx_word' id='word_1_301' title='bbox 902 1123 939 1144; x_wconf 87' lang='lat' dir='ltr'>pro</span> <span class='ocrx_word' id='word_1_302' title='bbox 954 1117 988 1139; x_wconf 82' lang='lat' dir='ltr'>sua</span> <span class='ocrx_word' id='word_1_303' title='bbox 1001 1119 1045 1140; x_wconf 86' lang='lat' dir='ltr'>vice</span> 
     </span>
     <span class='ocr_line' id='line_1_35' title="bbox 297 1144 1045 1177; baseline 0.007 -12"><span class='ocrx_word' id='word_1_304' title='bbox 297 1144 375 1166; x_wconf 75' lang='lat' dir='ltr'>missam</span> <span class='ocrx_word' id='word_1_305' title='bbox 389 1144 486 1165; x_wconf 82' lang='lat' dir='ltr'>celebrare</span> <span class='ocrx_word' id='word_1_306' title='bbox 499 1144 540 1165; x_wconf 84' lang='lat' dir='ltr'>fine</span> <span class='ocrx_word' id='word_1_307' title='bbox 554 1144 645 1171; x_wconf 86' lang='lat' dir='ltr'>legitimo</span> <span class='ocrx_word' id='word_1_308' title='bbox 659 1144 803 1173; x_wconf 81' lang='lat' dir='ltr'>impedimento</span> <span class='ocrx_word' id='word_1_309' title='bbox 813 1152 849 1174; x_wconf 89' lang='lat' dir='ltr'>per</span> <span class='ocrx_word' id='word_1_310' title='bbox 857 1147 987 1175; x_wconf 67' lang='lat' dir='ltr'>praepositum</span> <span class='ocrx_word' id='word_1_311' title='bbox 996 1156 1045 1177; x_wconf 83' lang='lat' dir='ltr'>pro-</span> 
     </span>
     <span class='ocr_line' id='line_1_36' title="bbox 297 1174 1046 1204; baseline 0.009 -9"><span class='ocrx_word' id='word_1_312' title='bbox 297 1176 347 1198; x_wconf 71' lang='lat' dir='ltr'>bato</span> <span class='ocrx_word' id='word_1_313' title='bbox 361 1174 478 1196; x_wconf 83' lang='lat' dir='ltr'>recusaverit</span> <span class='ocrx_word' id='word_1_314' title='bbox 488 1175 519 1196; x_wconf 84' lang='lat' dir='ltr'>vel</span> <span class='ocrx_word' id='word_1_315' title='bbox 528 1175 636 1203; x_wconf 84' lang='lat' dir='ltr'>neglexerit</span> <span class='ocrx_word' id='word_1_316' title='bbox 646 1176 725 1204; x_wconf 79' lang='lat' dir='ltr'>quoties</span> <span class='ocrx_word' id='word_1_317' title='bbox 734 1176 755 1197; x_wconf 87' lang='lat' dir='ltr'>id</span> <span class='ocrx_word' id='word_1_318' title='bbox 764 1175 832 1198; x_wconf 85' lang='lat' dir='ltr'>fecerit</span> <span class='ocrx_word' id='word_1_319' title='bbox 841 1179 970 1200; x_wconf 73' lang='lat' dir='ltr'>communias</span> <span class='ocrx_word' id='word_1_320' title='bbox 984 1180 1046 1203; x_wconf 74' lang='lat' dir='ltr'>unius</span> 
     </span>
    </p>
   </div>
   <div class='ocr_carea' id='block_1_5' title="bbox 917 1210 1051 1234">
    <p class='ocr_par' dir='ltr' id='par_1_5' title="bbox 917 1210 1051 1234">
     <span class='ocr_line' id='line_1_37' title="bbox 917 1210 1051 1234; baseline 0.022 -3"><span class='ocrx_word' id='word_1_321' title='bbox 917 1210 1051 1234; x_wconf 65' lang='lat' dir='ltr'>hebdomadae,</span> 
     </span>
    </p>
   </div>
   <div class='ocr_carea' id='block_1_6' title="bbox 1167 1424 1168 1568">
    <p class='ocr_par' dir='ltr' id='par_1_6' title="bbox 1167 1424 1168 1568">
     <span class='ocr_line' id='line_1_38' title="bbox 1167 1424 1168 1568; baseline 0 15"><span class='ocrx_word' id='word_1_322' title='bbox 1167 1424 1168 1568; x_wconf 95' lang='lat' dir='ltr'> </span> 
     </span>
    </p>
   </div>
  </div>
 </body>
</html>
